[
    {
        "Date": "1/1/2023",
        "In": "9:49:00 AM",
        "Out": "10:55:00 PM",
        "Hours": 13.1,
        "Cash": 232,
        "Credit": 630.51,
        "BeerS": 153,
        "FoodS": 3152.77,
        "LiquorS": 250,
        "RetailS": 15.9,
        "WineS": 53,
        "Guest Count": 135,
        "Sales": 3624.67,
        "Fee": 14.19,
        "CreditR": 494.38,
        "TotalR": 726.38,
        "FoodT": 63.06,
        "BarT": 22.8,
        "BusT": 36.09,
        "Tip %": 0.2003990501,
        "Tip Out": 121.94,
        "Hourly": 55.45,
        "Liquor %": 0.144634718,
        "PPA": 26.85
    },
    {
        "Date": "1/12/2023",
        "In": "3:30:00 PM",
        "Out": "6:30:00 PM",
        "Hours": 3,
        "Cash": 17,
        "Credit": 201.67,
        "BeerS": 177,
        "FoodS": 623.47,
        "LiquorS": 109,
        "RetailS": 0,
        "WineS": 0,
        "Guest Count": 23,
        "Sales": 909.47,
        "Fee": 4.54,
        "CreditR": 161.27,
        "TotalR": 178.27,
        "FoodT": 12.47,
        "BarT": 14.3,
        "BusT": 9.09,
        "Tip %": 0.1960134199,
        "Tip Out": 35.86,
        "Hourly": 59.42,
        "Liquor %": 0.4587229538,
        "PPA": 39.54
    },
    {
        "Date": "1/14/2023",
        "In": "9:42:00 AM",
        "Out": "11:17:00 PM",
        "Hours": 13.58,
        "Cash": 62,
        "Credit": 912.23,
        "BeerS": 150,
        "FoodS": 3625.47,
        "LiquorS": 406,
        "RetailS": 0,
        "WineS": 96,
        "Guest Count": 174,
        "Sales": 4277.47,
        "Fee": 20.53,
        "CreditR": 743.82,
        "TotalR": 805.82,
        "FoodT": 72.51,
        "BarT": 32.6,
        "BusT": 42.77,
        "Tip %": 0.1883872301,
        "Tip Out": 147.88,
        "Hourly": 59.32,
        "Liquor %": 0.1798387519,
        "PPA": 24.58
    },
    {
        "Date": "1/15/2023",
        "In": "10:02:00 AM",
        "Out": "10:22:00 PM",
        "Hours": 12.33,
        "Cash": 171,
        "Credit": 719.3,
        "BeerS": 206,
        "FoodS": 3598.02,
        "LiquorS": 342,
        "RetailS": 0,
        "WineS": 24,
        "Guest Count": 154,
        "Sales": 4170.02,
        "Fee": 16.18,
        "CreditR": 560.86,
        "TotalR": 731.86,
        "FoodT": 71.96,
        "BarT": 28.6,
        "BusT": 41.7,
        "Tip %": 0.1755039904,
        "Tip Out": 142.26,
        "Hourly": 59.34,
        "Liquor %": 0.1589763259,
        "PPA": 27.08
    },
    {
        "Date": "1/19/2023",
        "In": "3:25:00 PM",
        "Out": "10:26:00 PM",
        "Hours": 7.02,
        "Cash": 40,
        "Credit": 253.73,
        "BeerS": 136,
        "FoodS": 1155.42,
        "LiquorS": 86,
        "RetailS": 31.8,
        "WineS": 0,
        "Guest Count": 46,
        "Sales": 1409.22,
        "Fee": 5.71,
        "CreditR": 200.04,
        "TotalR": 240.04,
        "FoodT": 23.11,
        "BarT": 11.1,
        "BusT": 13.77,
        "Tip %": 0.1703342807,
        "Tip Out": 47.98,
        "Hourly": 34.21,
        "Liquor %": 0.1921379239,
        "PPA": 30.64
    },
    {
        "Date": "1/20/2023",
        "In": "3:16:00 PM",
        "Out": "11:32:00 PM",
        "Hours": 8.27,
        "Cash": 191,
        "Credit": 375.44,
        "BeerS": 290,
        "FoodS": 1875.88,
        "LiquorS": 277,
        "RetailS": 0,
        "WineS": 0,
        "Guest Count": 73,
        "Sales": 2442.88,
        "Fee": 8.45,
        "CreditR": 276.7,
        "TotalR": 467.7,
        "FoodT": 37.52,
        "BarT": 28.35,
        "BusT": 24.43,
        "Tip %": 0.1914527934,
        "Tip Out": 90.3,
        "Hourly": 56.58,
        "Liquor %": 0.3022581402,
        "PPA": 33.46
    },
    {
        "Date": "1/21/2023",
        "In": "10:07:00 AM",
        "Out": "11:39:00 PM",
        "Hours": 13.53,
        "Cash": 71,
        "Credit": 666.21,
        "BeerS": 338,
        "FoodS": 2669.19,
        "LiquorS": 410,
        "RetailS": 0,
        "WineS": 40,
        "Guest Count": 137,
        "Sales": 3457.19,
        "Fee": 14.99,
        "CreditR": 523.86,
        "TotalR": 594.86,
        "FoodT": 53.38,
        "BarT": 39.4,
        "BusT": 34.57,
        "Tip %": 0.1720659191,
        "Tip Out": 127.36,
        "Hourly": 43.96,
        "Liquor %": 0.2952206475,
        "PPA": 25.23
    },
    {
        "Date": "1/22/2023",
        "In": "9:56:00 AM",
        "Out": "10:17:00 PM",
        "Hours": 12.35,
        "Cash": 132,
        "Credit": 679.19,
        "BeerS": 252,
        "FoodS": 3189.15,
        "LiquorS": 215,
        "RetailS": 31.8,
        "WineS": 24,
        "Guest Count": 134,
        "Sales": 3711.95,
        "Fee": 15.28,
        "CreditR": 538.77,
        "TotalR": 670.77,
        "FoodT": 63.78,
        "BarT": 24.55,
        "BusT": 36.8,
        "Tip %": 0.1807065626,
        "Tip Out": 125.13,
        "Hourly": 54.31,
        "Liquor %": 0.153959519,
        "PPA": 27.7
    },
    {
        "Date": "1/26/2023",
        "In": "3:28:00 PM",
        "Out": "10:23:00 PM",
        "Hours": 6.92,
        "Cash": 40,
        "Credit": 315.39,
        "BeerS": 140,
        "FoodS": 1223.4,
        "LiquorS": 251,
        "RetailS": 0,
        "WineS": 26,
        "Guest Count": 45,
        "Sales": 1640.4,
        "Fee": 7.1,
        "CreditR": 246.57,
        "TotalR": 286.57,
        "FoodT": 24.47,
        "BarT": 20.85,
        "BusT": 16.4,
        "Tip %": 0.1746962479,
        "Tip Out": 61.72,
        "Hourly": 41.43,
        "Liquor %": 0.3408533595,
        "PPA": 36.45
    },
    {
        "Date": "1/27/2023",
        "In": "3:10:00 PM",
        "Out": "10:52:00 PM",
        "Hours": 7.7,
        "Cash": 173,
        "Credit": 329.3,
        "BeerS": 242,
        "FoodS": 1464.57,
        "LiquorS": 320,
        "RetailS": 18.9,
        "WineS": 52,
        "Guest Count": 59,
        "Sales": 2097.47,
        "Fee": 7.41,
        "CreditR": 241.11,
        "TotalR": 414.11,
        "FoodT": 29.29,
        "BarT": 30.7,
        "BusT": 20.79,
        "Tip %": 0.1974348382,
        "Tip Out": 80.78,
        "Hourly": 53.78,
        "Liquor %": 0.4192356801,
        "PPA": 35.55
    },
    {
        "Date": "1/28/2023",
        "In": "9:57:00 AM",
        "Out": "11:59:00 PM",
        "Hours": 14.03,
        "Cash": 142,
        "Credit": 946.06,
        "BeerS": 568,
        "FoodS": 4079.69,
        "LiquorS": 361,
        "RetailS": 34.8,
        "WineS": 86,
        "Guest Count": 155,
        "Sales": 5129.49,
        "Fee": 21.29,
        "CreditR": 741.48,
        "TotalR": 883.48,
        "FoodT": 81.59,
        "BarT": 50.75,
        "BusT": 50.95,
        "Tip %": 0.1722360215,
        "Tip Out": 183.29,
        "Hourly": 62.96,
        "Liquor %": 0.2487934132,
        "PPA": 33.09
    },
    {
        "Date": "1/29/2023",
        "In": "9:55:00 AM",
        "Out": "9:36:00 PM",
        "Hours": 11.68,
        "Cash": 113,
        "Credit": 464.97,
        "BeerS": 223,
        "FoodS": 2078.55,
        "LiquorS": 153,
        "RetailS": 0,
        "WineS": 12,
        "Guest Count": 88,
        "Sales": 2466.55,
        "Fee": 10.46,
        "CreditR": 368.87,
        "TotalR": 481.87,
        "FoodT": 41.57,
        "BarT": 19.4,
        "BusT": 24.67,
        "Tip %": 0.1953626219,
        "Tip Out": 85.64,
        "Hourly": 41.24,
        "Liquor %": 0.1866685911,
        "PPA": 28.03
    },
    {
        "Date": "2/2/2023",
        "In": "3:55:00 PM",
        "Out": "9:49:00 PM",
        "Hours": 5.9,
        "Cash": 67,
        "Credit": 240.8,
        "BeerS": 124,
        "FoodS": 1221.02,
        "LiquorS": 264,
        "RetailS": 0,
        "WineS": 0,
        "Guest Count": 41,
        "Sales": 1609.02,
        "Fee": 5.42,
        "CreditR": 175.47,
        "TotalR": 242.47,
        "FoodT": 24.42,
        "BarT": 19.4,
        "BusT": 16.09,
        "Tip %": 0.1506950815,
        "Tip Out": 59.91,
        "Hourly": 41.1,
        "Liquor %": 0.3177671127,
        "PPA": 39.24
    },
    {
        "Date": "2/3/2023",
        "In": "3:25:00 PM",
        "Out": "10:10:00 PM",
        "Hours": 6.75,
        "Cash": 68,
        "Credit": 375.59,
        "BeerS": 103,
        "FoodS": 1482.55,
        "LiquorS": 179,
        "RetailS": 0,
        "WineS": 38,
        "Guest Count": 63,
        "Sales": 1802.55,
        "Fee": 8.45,
        "CreditR": 303.46,
        "TotalR": 371.46,
        "FoodT": 29.65,
        "BarT": 16,
        "BusT": 18.03,
        "Tip %": 0.2060762392,
        "Tip Out": 63.68,
        "Hourly": 55.03,
        "Liquor %": 0.2158443223,
        "PPA": 28.61
    },
    {
        "Date": "2/4/2023",
        "In": "10:15:00 AM",
        "Out": "11:10:00 PM",
        "Hours": 12.92,
        "Cash": 154,
        "Credit": 907.22,
        "BeerS": 340,
        "FoodS": 4129.49,
        "LiquorS": 611,
        "RetailS": 42.75,
        "WineS": 23,
        "Guest Count": 165,
        "Sales": 5146.24,
        "Fee": 20.41,
        "CreditR": 704.48,
        "TotalR": 858.48,
        "FoodT": 82.59,
        "BarT": 48.7,
        "BusT": 51.03,
        "Tip %": 0.166817492,
        "Tip Out": 182.32,
        "Hourly": 66.46,
        "Liquor %": 0.2358644772,
        "PPA": 31.19
    },
    {
        "Date": "2/5/2023",
        "In": "10:10:00 AM",
        "Out": "10:22:00 PM",
        "Hours": 12.2,
        "Cash": 121,
        "Credit": 622.82,
        "BeerS": 356,
        "FoodS": 3215.13,
        "LiquorS": 0,
        "RetailS": 0,
        "WineS": 0,
        "Guest Count": 133,
        "Sales": 3571.13,
        "Fee": 0,
        "CreditR": 505.02,
        "TotalR": 626.02,
        "FoodT": 64.3,
        "BarT": 17.8,
        "BusT": 35.71,
        "Tip %": 0.1753002551,
        "Tip Out": 117.81,
        "Hourly": 51.31,
        "Liquor %": 0.1107264714,
        "PPA": 26.85
    },
    {
        "Date": "2/9/2023",
        "In": "3:43:00 PM",
        "Out": "9:10:00 PM",
        "Hours": 5.45,
        "Cash": 7,
        "Credit": 287,
        "BeerS": 44,
        "FoodS": 1117.87,
        "LiquorS": 128,
        "RetailS": 0,
        "WineS": 86,
        "Guest Count": 40,
        "Sales": 1375.87,
        "Fee": 6.46,
        "CreditR": 231.53,
        "TotalR": 238.53,
        "FoodT": 22.36,
        "BarT": 12.9,
        "BusT": 13.76,
        "Tip %": 0.1733640533,
        "Tip Out": 49.02,
        "Hourly": 43.77,
        "Liquor %": 0.2307960675,
        "PPA": 34.4
    },
    {
        "Date": "2/10/2023",
        "In": "3:24:00 PM",
        "Out": "10:34:00 PM",
        "Hours": 7.17,
        "Cash": 7,
        "Credit": 440.08,
        "BeerS": 226,
        "FoodS": 1444.2,
        "LiquorS": 190,
        "RetailS": 26.85,
        "WineS": 54,
        "Guest Count": 63,
        "Sales": 1941.05,
        "Fee": 9.9,
        "CreditR": 358.65,
        "TotalR": 365.65,
        "FoodT": 28.88,
        "BarT": 23.5,
        "BusT": 19.14,
        "Tip %": 0.188378558,
        "Tip Out": 71.53,
        "Hourly": 51.02,
        "Liquor %": 0.3254396898,
        "PPA": 30.81
    },
    {
        "Date": "2/11/2023",
        "In": "9:57:00 AM",
        "Out": "11:21:00 PM",
        "Hours": 13.4,
        "Cash": 229,
        "Credit": 672.79,
        "BeerS": 295,
        "FoodS": 3287.03,
        "LiquorS": 304,
        "RetailS": 0,
        "WineS": 13,
        "Guest Count": 144,
        "Sales": 3899.03,
        "Fee": 15.14,
        "CreditR": 522.32,
        "TotalR": 751.32,
        "FoodT": 65.74,
        "BarT": 30.6,
        "BusT": 38.99,
        "Tip %": 0.1926944202,
        "Tip Out": 135.33,
        "Hourly": 56.07,
        "Liquor %": 0.1861863141,
        "PPA": 27.08
    },
    {
        "Date": "2/12/2023",
        "In": "9:51:00 AM",
        "Out": "6:13:00 PM",
        "Hours": 8.37,
        "Cash": 141,
        "Credit": 299.65,
        "BeerS": 85,
        "FoodS": 1786.36,
        "LiquorS": 58,
        "RetailS": 0,
        "WineS": 0,
        "Guest Count": 76,
        "Sales": 1929.36,
        "Fee": 6.74,
        "CreditR": 230.74,
        "TotalR": 371.74,
        "FoodT": 35.73,
        "BarT": 7.15,
        "BusT": 19.29,
        "Tip %": 0.1926737752,
        "Tip Out": 62.17,
        "Hourly": 44.43,
        "Liquor %": 0.08005105354,
        "PPA": 25.39
    },
    {
        "Date": "2/16/2023",
        "In": "3:41:00 PM",
        "Out": "9:42:00 PM",
        "Hours": 6.02,
        "Cash": 1,
        "Credit": 292.16,
        "BeerS": 179,
        "FoodS": 1033.4,
        "LiquorS": 96,
        "RetailS": 0,
        "WineS": 24,
        "Guest Count": 36,
        "Sales": 1332.4,
        "Fee": 6.57,
        "CreditR": 236.64,
        "TotalR": 237.64,
        "FoodT": 20.67,
        "BarT": 14.95,
        "BusT": 13.32,
        "Tip %": 0.1783581507,
        "Tip Out": 48.94,
        "Hourly": 39.5,
        "Liquor %": 0.2893361719,
        "PPA": 37.01
    },
    {
        "Date": "2/17/2023",
        "In": "10:02:00 AM",
        "Out": "11:15:00 PM",
        "Hours": 13.22,
        "Cash": 64,
        "Credit": 898.26,
        "BeerS": 356,
        "FoodS": 3611.15,
        "LiquorS": 251,
        "RetailS": 0,
        "WineS": 0,
        "Guest Count": 142,
        "Sales": 4218.15,
        "Fee": 20.21,
        "CreditR": 733.29,
        "TotalR": 797.29,
        "FoodT": 72.22,
        "BarT": 30.35,
        "BusT": 42.18,
        "Tip %": 0.1890152436,
        "Tip Out": 144.75,
        "Hourly": 60.32,
        "Liquor %": 0.1680904975,
        "PPA": 29.71
    },
    {
        "Date": "2/18/2023",
        "In": "10:08:00 AM",
        "Out": "11:30:00 PM",
        "Hours": 13.37,
        "Cash": 193,
        "Credit": 818.52,
        "BeerS": 190.5,
        "FoodS": 3745.49,
        "LiquorS": 371,
        "RetailS": 225,
        "WineS": 12,
        "Guest Count": 146,
        "Sales": 4543.99,
        "Fee": 18.42,
        "CreditR": 653.33,
        "TotalR": 846.33,
        "FoodT": 74.91,
        "BarT": 28.68,
        "BusT": 43.19,
        "Tip %": 0.1862523025,
        "Tip Out": 146.77,
        "Hourly": 63.32,
        "Liquor %": 0.1531174826,
        "PPA": 31.12
    },
    {
        "Date": "2/19/2023",
        "In": "10:18:00 AM",
        "Out": "11:20:00 PM",
        "Hours": 13.03,
        "Cash": 196,
        "Credit": 887.62,
        "BeerS": 227,
        "FoodS": 3910.85,
        "LiquorS": 272,
        "RetailS": 0,
        "WineS": 61,
        "Guest Count": 199,
        "Sales": 4470.85,
        "Fee": 19.97,
        "CreditR": 716.72,
        "TotalR": 912.72,
        "FoodT": 78.22,
        "BarT": 28,
        "BusT": 44.71,
        "Tip %": 0.2041497814,
        "Tip Out": 150.93,
        "Hourly": 70.03,
        "Liquor %": 0.1431913778,
        "PPA": 22.47
    },
    {
        "Date": "2/23/2023",
        "In": "4:07:00 PM",
        "Out": "9:57:00 PM",
        "Hours": 5.83,
        "Cash": 0,
        "Credit": 384.54,
        "BeerS": 57,
        "FoodS": 1379.9,
        "LiquorS": 252,
        "RetailS": 0,
        "WineS": 77.99,
        "Guest Count": 49,
        "Sales": 1766.89,
        "Fee": 8.65,
        "CreditR": 311.27,
        "TotalR": 311.27,
        "FoodT": 27.6,
        "BarT": 19.35,
        "BusT": 17.67,
        "Tip %": 0.1761691164,
        "Tip Out": 64.62,
        "Hourly": 53.36,
        "Liquor %": 0.2804478585,
        "PPA": 36.06
    },
    {
        "Date": "2/24/2023",
        "In": "3:08:00 PM",
        "Out": "10:37:00 PM",
        "Hours": 7.48,
        "Cash": 0,
        "Credit": 380.23,
        "BeerS": 248,
        "FoodS": 1222.67,
        "LiquorS": 143,
        "RetailS": 39.75,
        "WineS": 73,
        "Guest Count": 52,
        "Sales": 1726.42,
        "Fee": 8.56,
        "CreditR": 307.15,
        "TotalR": 307.15,
        "FoodT": 24.45,
        "BarT": 23.2,
        "BusT": 16.87,
        "Tip %": 0.1779142532,
        "Tip Out": 64.52,
        "Hourly": 41.05,
        "Liquor %": 0.3794973296,
        "PPA": 33.2
    },
    {
        "Date": "2/25/2023",
        "In": "10:21:00 AM",
        "Out": "11:37:00 PM",
        "Hours": 13.27,
        "Cash": 150,
        "Credit": 900.09,
        "BeerS": 322,
        "FoodS": 3827.4,
        "LiquorS": 521,
        "RetailS": 0,
        "WineS": 12,
        "Guest Count": 160,
        "Sales": 4682.4,
        "Fee": 20.25,
        "CreditR": 713.72,
        "TotalR": 863.72,
        "FoodT": 76.55,
        "BarT": 42.75,
        "BusT": 46.82,
        "Tip %": 0.1844601006,
        "Tip Out": 166.12,
        "Hourly": 65.1,
        "Liquor %": 0.223389246,
        "PPA": 29.27
    },
    {
        "Date": "2/26/2023",
        "In": "10:21:00 AM",
        "Out": "10:37:00 PM",
        "Hours": 12.27,
        "Cash": 119,
        "Credit": 680.08,
        "BeerS": 278,
        "FoodS": 3178.18,
        "LiquorS": 408,
        "RetailS": 0,
        "WineS": 54,
        "Guest Count": 121,
        "Sales": 3918.18,
        "Fee": 15.3,
        "CreditR": 525.03,
        "TotalR": 644.03,
        "FoodT": 63.56,
        "BarT": 37,
        "BusT": 39.18,
        "Tip %": 0.1643703965,
        "Tip Out": 139.75,
        "Hourly": 52.5,
        "Liquor %": 0.2328376618,
        "PPA": 32.38
    },
    {
        "Date": "3/2/2023",
        "In": "3:59:00 PM",
        "Out": "9:34:00 PM",
        "Hours": 5.58,
        "Cash": 39,
        "Credit": 294,
        "BeerS": 108,
        "FoodS": 1373.97,
        "LiquorS": 121,
        "RetailS": 0,
        "WineS": 56,
        "Guest Count": 40,
        "Sales": 1658.97,
        "Fee": 6.62,
        "CreditR": 229.07,
        "TotalR": 268.07,
        "FoodT": 27.48,
        "BarT": 14.25,
        "BusT": 16.59,
        "Tip %": 0.161585743,
        "Tip Out": 58.32,
        "Hourly": 48.01,
        "Liquor %": 0.2074281098,
        "PPA": 41.47
    },
    {
        "Date": "3/3/2023",
        "In": "3:32:00 PM",
        "Out": "10:50:00 PM",
        "Hours": 7.3,
        "Cash": 64,
        "Credit": 441.38,
        "BeerS": 123,
        "FoodS": 1802.45,
        "LiquorS": 459,
        "RetailS": 0,
        "WineS": 66,
        "Guest Count": 84,
        "Sales": 2450.45,
        "Fee": 9.93,
        "CreditR": 338.5,
        "TotalR": 402.5,
        "FoodT": 36.05,
        "BarT": 32.4,
        "BusT": 24.5,
        "Tip %": 0.1642536881,
        "Tip Out": 92.95,
        "Hourly": 55.14,
        "Liquor %": 0.359510666,
        "PPA": 29.17
    },
    {
        "Date": "3/4/2023",
        "In": "10:01:00 AM",
        "Out": "11:01:00 PM",
        "Hours": 13,
        "Cash": 114,
        "Credit": 763.26,
        "BeerS": 389,
        "FoodS": 3455.15,
        "LiquorS": 375,
        "RetailS": 0,
        "WineS": 23,
        "Guest Count": 130,
        "Sales": 4242.15,
        "Fee": 17.17,
        "CreditR": 595.21,
        "TotalR": 709.21,
        "FoodT": 69.1,
        "BarT": 39.35,
        "BusT": 42.42,
        "Tip %": 0.1671822425,
        "Tip Out": 150.87,
        "Hourly": 54.55,
        "Liquor %": 0.2277759287,
        "PPA": 32.63
    },
    {
        "Date": "3/5/2023",
        "In": "10:18:00 AM",
        "Out": "5:05:00 PM",
        "Hours": 6.78,
        "Cash": 105,
        "Credit": 299.89,
        "BeerS": 65,
        "FoodS": 1570.66,
        "LiquorS": 23,
        "RetailS": 15.9,
        "WineS": 0,
        "Guest Count": 70,
        "Sales": 1674.56,
        "Fee": 6.75,
        "CreditR": 240.74,
        "TotalR": 345.74,
        "FoodT": 31.41,
        "BarT": 4.4,
        "BusT": 16.59,
        "Tip %": 0.2064677736,
        "Tip Out": 52.4,
        "Hourly": 50.97,
        "Liquor %": 0.05602740249,
        "PPA": 23.92
    },
    {
        "Date": "3/9/2023",
        "In": "4:00:00 PM",
        "Out": "9:36:00 PM",
        "Hours": 5.6,
        "Cash": 200,
        "Credit": 640.61,
        "BeerS": 98,
        "FoodS": 1323.98,
        "LiquorS": 543,
        "RetailS": 0,
        "WineS": 13,
        "Guest Count": 47,
        "Sales": 1977.98,
        "Fee": 14.41,
        "CreditR": 547.24,
        "TotalR": 747.24,
        "FoodT": 26.48,
        "BarT": 32.7,
        "BusT": 19.78,
        "Tip %": 0.3777777708,
        "Tip Out": 78.96,
        "Hourly": 133.44,
        "Liquor %": 0.4939651656,
        "PPA": 42.08
    },
    {
        "Date": "3/10/2023",
        "In": "3:33:00 PM",
        "Out": "10:44:00 PM",
        "Hours": 7.18,
        "Cash": 84,
        "Credit": 379.84,
        "BeerS": 149,
        "FoodS": 1580.4,
        "LiquorS": 180,
        "RetailS": 15.9,
        "WineS": 13,
        "Guest Count": 67,
        "Sales": 1938.3,
        "Fee": 8.55,
        "CreditR": 303.36,
        "TotalR": 387.36,
        "FoodT": 31.61,
        "BarT": 17.1,
        "BusT": 19.22,
        "Tip %": 0.1998460507,
        "Tip Out": 67.93,
        "Hourly": 53.93,
        "Liquor %": 0.2164009112,
        "PPA": 28.93
    },
    {
        "Date": "3/11/2023",
        "In": "10:20:00 AM",
        "Out": "11:09:00 PM",
        "Hours": 12.82,
        "Cash": 180,
        "Credit": 854.41,
        "BeerS": 321,
        "FoodS": 4143.36,
        "LiquorS": 492,
        "RetailS": 0,
        "WineS": 22,
        "Guest Count": 154,
        "Sales": 4978.36,
        "Fee": 19.22,
        "CreditR": 660.78,
        "TotalR": 840.78,
        "FoodT": 82.87,
        "BarT": 41.75,
        "BusT": 49.78,
        "Tip %": 0.168887942,
        "Tip Out": 174.4,
        "Hourly": 65.6,
        "Liquor %": 0.2015272629,
        "PPA": 32.33
    },
    {
        "Date": "3/12/2023",
        "In": "10:19:00 AM",
        "Out": "10:17:00 PM",
        "Hours": 11.97,
        "Cash": 218,
        "Credit": 820.29,
        "BeerS": 317,
        "FoodS": 3815.85,
        "LiquorS": 297,
        "RetailS": 71.55,
        "WineS": 0,
        "Guest Count": 148,
        "Sales": 4501.4,
        "Fee": 18.46,
        "CreditR": 650.52,
        "TotalR": 868.52,
        "FoodT": 76.32,
        "BarT": 30.7,
        "BusT": 44.3,
        "Tip %": 0.1929439674,
        "Tip Out": 151.32,
        "Hourly": 72.58,
        "Liquor %": 0.1609077925,
        "PPA": 30.41
    },
    {
        "Date": "3/16/2023",
        "In": "3:52:00 PM",
        "Out": "10:08:00 PM",
        "Hours": 6.27,
        "Cash": 79,
        "Credit": 411.6,
        "BeerS": 244,
        "FoodS": 2084.81,
        "LiquorS": 210,
        "RetailS": 0,
        "WineS": 12,
        "Guest Count": 70,
        "Sales": 2550.81,
        "Fee": 9.26,
        "CreditR": 311.83,
        "TotalR": 390.83,
        "FoodT": 41.7,
        "BarT": 23.3,
        "BusT": 25.51,
        "Tip %": 0.15321984,
        "Tip Out": 90.5,
        "Hourly": 62.37,
        "Liquor %": 0.2235215679,
        "PPA": 36.44
    },
    {
        "Date": "3/17/2023",
        "In": "3:11:00 PM",
        "Out": "11:25:00 PM",
        "Hours": 8.23,
        "Cash": 140,
        "Credit": 384.53,
        "BeerS": 112,
        "FoodS": 1842.11,
        "LiquorS": 394,
        "RetailS": 7.95,
        "WineS": 0,
        "Guest Count": 73,
        "Sales": 2356.06,
        "Fee": 8.65,
        "CreditR": 290.25,
        "TotalR": 430.25,
        "FoodT": 36.84,
        "BarT": 25.3,
        "BusT": 23.48,
        "Tip %": 0.1826162216,
        "Tip Out": 85.62,
        "Hourly": 52.26,
        "Liquor %": 0.274685008,
        "PPA": 32.27
    },
    {
        "Date": "3/18/2023",
        "In": "10:22:00 AM",
        "Out": "11:28:00 PM",
        "Hours": 13.1,
        "Cash": 238,
        "Credit": 773.1,
        "BeerS": 232,
        "FoodS": 4361.6,
        "LiquorS": 419,
        "RetailS": 0,
        "WineS": 103,
        "Guest Count": 182,
        "Sales": 5115.6,
        "Fee": 17.39,
        "CreditR": 579.62,
        "TotalR": 817.62,
        "FoodT": 87.23,
        "BarT": 37.7,
        "BusT": 51.16,
        "Tip %": 0.1598282215,
        "Tip Out": 176.09,
        "Hourly": 62.41,
        "Liquor %": 0.1728723404,
        "PPA": 28.11
    },
    {
        "Date": "3/19/2023",
        "In": "10:23:00 AM",
        "Out": "10:18:00 PM",
        "Hours": 11.92,
        "Cash": 27,
        "Credit": 937.07,
        "BeerS": 243,
        "FoodS": 4038.1,
        "LiquorS": 235,
        "RetailS": 0,
        "WineS": 20,
        "Guest Count": 176,
        "Sales": 4536.1,
        "Fee": 21.08,
        "CreditR": 764.96,
        "TotalR": 791.96,
        "FoodT": 80.76,
        "BarT": 24.9,
        "BusT": 45.36,
        "Tip %": 0.1745911521,
        "Tip Out": 151.02,
        "Hourly": 66.46,
        "Liquor %": 0.1233253263,
        "PPA": 25.77
    },
    {
        "Date": "3/24/2023",
        "In": "3:13:00 PM",
        "Out": "11:37:00 PM",
        "Hours": 8.4,
        "Cash": 34,
        "Credit": 631.17,
        "BeerS": 168,
        "FoodS": 2245.84,
        "LiquorS": 435,
        "RetailS": 0,
        "WineS": 156,
        "Guest Count": 90,
        "Sales": 3004.84,
        "Fee": 14.2,
        "CreditR": 504.05,
        "TotalR": 538.05,
        "FoodT": 44.92,
        "BarT": 37.95,
        "BusT": 30.05,
        "Tip %": 0.1790622712,
        "Tip Out": 112.92,
        "Hourly": 64.05,
        "Liquor %": 0.3379581805,
        "PPA": 33.39
    },
    {
        "Date": "3/25/2023",
        "In": "10:38:00 AM",
        "Out": "11:27:00 PM",
        "Hours": 12.82,
        "Cash": 213,
        "Credit": 830.03,
        "BeerS": 376,
        "FoodS": 3734.3,
        "LiquorS": 550,
        "RetailS": 65,
        "WineS": 156,
        "Guest Count": 143,
        "Sales": 4881.3,
        "Fee": 18.68,
        "CreditR": 651.6,
        "TotalR": 864.6,
        "FoodT": 74.69,
        "BarT": 54.1,
        "BusT": 48.16,
        "Tip %": 0.1771249462,
        "Tip Out": 176.95,
        "Hourly": 67.46,
        "Liquor %": 0.2897464049,
        "PPA": 34.13
    },
    {
        "Date": "3/26/2023",
        "In": "9:56:00 AM",
        "Out": "10:10:00 PM",
        "Hours": 12.23,
        "Cash": 207,
        "Credit": 828.83,
        "BeerS": 255,
        "FoodS": 3550.32,
        "LiquorS": 453,
        "RetailS": 0,
        "WineS": 271,
        "Guest Count": 138,
        "Sales": 4529.32,
        "Fee": 18.65,
        "CreditR": 644.93,
        "TotalR": 851.93,
        "FoodT": 71.01,
        "BarT": 48.95,
        "BusT": 45.29,
        "Tip %": 0.1880926331,
        "Tip Out": 165.25,
        "Hourly": 69.64,
        "Liquor %": 0.2757497916,
        "PPA": 32.82
    },
    {
        "Date": "3/30/2023",
        "In": "3:56:00 PM",
        "Out": "10:15:00 PM",
        "Hours": 6.32,
        "Cash": 57,
        "Credit": 360.3,
        "BeerS": 279,
        "FoodS": 1506.68,
        "LiquorS": 187,
        "RetailS": 0,
        "WineS": 40,
        "Guest Count": 57,
        "Sales": 2012.68,
        "Fee": 8.11,
        "CreditR": 276.63,
        "TotalR": 333.63,
        "FoodT": 30.13,
        "BarT": 25.3,
        "BusT": 20.13,
        "Tip %": 0.1657654719,
        "Tip Out": 75.56,
        "Hourly": 52.82,
        "Liquor %": 0.3358377359,
        "PPA": 35.31
    },
    {
        "Date": "3/31/2023",
        "In": "3:16:00 PM",
        "Out": "10:57:00 PM",
        "Hours": 7.68,
        "Cash": 54,
        "Credit": 495.1,
        "BeerS": 190,
        "FoodS": 1934.44,
        "LiquorS": 304,
        "RetailS": 0,
        "WineS": 0,
        "Guest Count": 73,
        "Sales": 2428.44,
        "Fee": 11.14,
        "CreditR": 396.29,
        "TotalR": 450.29,
        "FoodT": 38.69,
        "BarT": 24.7,
        "BusT": 24.28,
        "Tip %": 0.1854223493,
        "Tip Out": 87.67,
        "Hourly": 58.61,
        "Liquor %": 0.2553710635,
        "PPA": 33.27
    },
    {
        "Date": "4/1/2023",
        "In": "10:22:00 AM",
        "Out": "10:56:00 PM",
        "Hours": 12.57,
        "Cash": 49,
        "Credit": 776.16,
        "BeerS": 288,
        "FoodS": 3205.08,
        "LiquorS": 381,
        "RetailS": 7.95,
        "WineS": 139,
        "Guest Count": 135,
        "Sales": 4021.03,
        "Fee": 17.46,
        "CreditR": 614.06,
        "TotalR": 663.06,
        "FoodT": 64.1,
        "BarT": 40.4,
        "BusT": 40.13,
        "Tip %": 0.1648990433,
        "Tip Out": 144.63,
        "Hourly": 52.76,
        "Liquor %": 0.2520997916,
        "PPA": 29.79
    },
    {
        "Date": "4/2/2023",
        "In": "10:07:00 AM",
        "Out": "10:50:00 PM",
        "Hours": 12.72,
        "Cash": 142,
        "Credit": 837.49,
        "BeerS": 267,
        "FoodS": 3714.8,
        "LiquorS": 308,
        "RetailS": 10.95,
        "WineS": 37,
        "Guest Count": 140,
        "Sales": 4337.75,
        "Fee": 18.84,
        "CreditR": 670.48,
        "TotalR": 812.48,
        "FoodT": 74.3,
        "BarT": 30.6,
        "BusT": 43.27,
        "Tip %": 0.1873050487,
        "Tip Out": 148.16,
        "Hourly": 63.89,
        "Liquor %": 0.1647464197,
        "PPA": 30.98
    },
    {
        "Date": "4/14/2023",
        "In": "3:17:00 PM",
        "Out": "11:12:00 PM",
        "Hours": 7.92,
        "Cash": 90,
        "Credit": 434.82,
        "BeerS": 122,
        "FoodS": 2299.53,
        "LiquorS": 208,
        "RetailS": 0,
        "WineS": 48,
        "Guest Count": 89,
        "Sales": 2677.53,
        "Fee": 9.78,
        "CreditR": 333.37,
        "TotalR": 423.37,
        "FoodT": 45.99,
        "BarT": 18.9,
        "BusT": 26.78,
        "Tip %": 0.158119853,
        "Tip Out": 91.67,
        "Hourly": 53.48,
        "Liquor %": 0.1643814171,
        "PPA": 30.08
    },
    {
        "Date": "4/15/2023",
        "In": "10:11:00 AM",
        "Out": "11:02:00 PM",
        "Hours": 12.85,
        "Cash": 223,
        "Credit": 862.25,
        "BeerS": 313,
        "FoodS": 3851.95,
        "LiquorS": 659,
        "RetailS": 0,
        "WineS": 26,
        "Guest Count": 163,
        "Sales": 4849.95,
        "Fee": 19.4,
        "CreditR": 667.41,
        "TotalR": 890.41,
        "FoodT": 77.04,
        "BarT": 49.9,
        "BusT": 48.5,
        "Tip %": 0.1835917638,
        "Tip Out": 175.44,
        "Hourly": 69.29,
        "Liquor %": 0.259089552,
        "PPA": 29.75
    },
    {
        "Date": "4/16/2023",
        "In": "10:05:00 AM",
        "Out": "10:36:00 PM",
        "Hours": 12.52,
        "Cash": 105,
        "Credit": 929.22,
        "BeerS": 204,
        "FoodS": 3732.31,
        "LiquorS": 327,
        "RetailS": 31.8,
        "WineS": 22,
        "Guest Count": 160,
        "Sales": 4317.11,
        "Fee": 20.91,
        "CreditR": 763.16,
        "TotalR": 868.16,
        "FoodT": 74.65,
        "BarT": 27.65,
        "BusT": 42.85,
        "Tip %": 0.2010982463,
        "Tip Out": 145.15,
        "Hourly": 69.36,
        "Liquor %": 0.1481656133,
        "PPA": 26.98
    },
    {
        "Date": "4/20/2023",
        "In": "3:11:00 PM",
        "Out": "10:37:00 PM",
        "Hours": 7.43,
        "Cash": 129,
        "Credit": 520.64,
        "BeerS": 295,
        "FoodS": 2158.89,
        "LiquorS": 393,
        "RetailS": 15.9,
        "WineS": 67,
        "Guest Count": 80,
        "Sales": 2929.79,
        "Fee": 11.71,
        "CreditR": 398.86,
        "TotalR": 527.86,
        "FoodT": 43.18,
        "BarT": 37.75,
        "BusT": 29.14,
        "Tip %": 0.1801695343,
        "Tip Out": 110.07,
        "Hourly": 71.01,
        "Liquor %": 0.3497167526,
        "PPA": 36.62
    },
    {
        "Date": "4/21/2023",
        "In": "3:13:00 PM",
        "Out": "11:07:00 PM",
        "Hours": 7.9,
        "Cash": 43,
        "Credit": 566.43,
        "BeerS": 343,
        "FoodS": 2049.66,
        "LiquorS": 259,
        "RetailS": 0,
        "WineS": 22,
        "Guest Count": 77,
        "Sales": 2673.66,
        "Fee": 12.74,
        "CreditR": 454.76,
        "TotalR": 497.76,
        "FoodT": 40.99,
        "BarT": 31.2,
        "BusT": 26.74,
        "Tip %": 0.1861700908,
        "Tip Out": 98.93,
        "Hourly": 63.01,
        "Liquor %": 0.3044407365,
        "PPA": 34.72
    },
    {
        "Date": "4/22/2023",
        "In": "10:15:00 AM",
        "Out": "11:27:00 PM",
        "Hours": 13.2,
        "Cash": 151,
        "Credit": 901.22,
        "BeerS": 175,
        "FoodS": 4100.51,
        "LiquorS": 339,
        "RetailS": 35.85,
        "WineS": 40,
        "Guest Count": 145,
        "Sales": 4690.36,
        "Fee": 20.28,
        "CreditR": 724.69,
        "TotalR": 875.69,
        "FoodT": 82.01,
        "BarT": 27.7,
        "BusT": 46.55,
        "Tip %": 0.1866993685,
        "Tip Out": 156.26,
        "Hourly": 66.34,
        "Liquor %": 0.1351051455,
        "PPA": 32.35
    },
    {
        "Date": "4/23/2023",
        "In": "10:06:00 AM",
        "Out": "10:25:00 PM",
        "Hours": 12.32,
        "Cash": 159,
        "Credit": 656.64,
        "BeerS": 258,
        "FoodS": 3223.09,
        "LiquorS": 212,
        "RetailS": 7.95,
        "WineS": 12,
        "Guest Count": 122,
        "Sales": 3713.04,
        "Fee": 14.77,
        "CreditR": 516.25,
        "TotalR": 675.25,
        "FoodT": 64.46,
        "BarT": 24.1,
        "BusT": 37.05,
        "Tip %": 0.1818598507,
        "Tip Out": 125.61,
        "Hourly": 54.82,
        "Liquor %": 0.1495459326,
        "PPA": 30.43
    },
    {
        "Date": "4/26/2023",
        "In": "9:53:00 AM",
        "Out": "10:39:00 PM",
        "Hours": 12.77,
        "Cash": 91,
        "Credit": 697.54,
        "BeerS": 346,
        "FoodS": 2911.62,
        "LiquorS": 259,
        "RetailS": 34.8,
        "WineS": 68,
        "Guest Count": 109,
        "Sales": 3619.42,
        "Fee": 15.69,
        "CreditR": 554.12,
        "TotalR": 645.12,
        "FoodT": 58.23,
        "BarT": 33.65,
        "BusT": 35.85,
        "Tip %": 0.1782376044,
        "Tip Out": 127.73,
        "Hourly": 50.53,
        "Liquor %": 0.2311428002,
        "PPA": 33.21
    },
    {
        "Date": "4/27/2023",
        "In": "9:39:00 AM",
        "Out": "10:34:00 PM",
        "Hours": 12.92,
        "Cash": 177,
        "Credit": 801.61,
        "BeerS": 287,
        "FoodS": 3585.98,
        "LiquorS": 343,
        "RetailS": 39.75,
        "WineS": 26,
        "Guest Count": 139,
        "Sales": 4281.73,
        "Fee": 18.04,
        "CreditR": 636.63,
        "TotalR": 813.63,
        "FoodT": 71.72,
        "BarT": 32.8,
        "BusT": 42.42,
        "Tip %": 0.1900246804,
        "Tip Out": 146.94,
        "Hourly": 62.99,
        "Liquor %": 0.1829346511,
        "PPA": 30.8
    },
    {
        "Date": "4/28/2023",
        "In": "10:39:00 AM",
        "Out": "11:34:00 PM",
        "Hours": 12.92,
        "Cash": 83,
        "Credit": 556.15,
        "BeerS": 183,
        "FoodS": 2376.99,
        "LiquorS": 536,
        "RetailS": 19.95,
        "WineS": 48,
        "Guest Count": 90,
        "Sales": 3163.94,
        "Fee": 12.51,
        "CreditR": 426.31,
        "TotalR": 509.31,
        "FoodT": 47.54,
        "BarT": 38.35,
        "BusT": 31.44,
        "Tip %": 0.1609723715,
        "Tip Out": 117.33,
        "Hourly": 39.43,
        "Liquor %": 0.3226769991,
        "PPA": 35.15
    },
    {
        "Date": "4/29/2023",
        "In": "9:56:00 AM",
        "Out": "11:34:00 PM",
        "Hours": 13.63,
        "Cash": 166,
        "Credit": 1084.59,
        "BeerS": 582,
        "FoodS": 4183.27,
        "LiquorS": 689,
        "RetailS": 32.95,
        "WineS": 113,
        "Guest Count": 148,
        "Sales": 5600.22,
        "Fee": 24.4,
        "CreditR": 851.65,
        "TotalR": 1017.65,
        "FoodT": 83.67,
        "BarT": 69.2,
        "BusT": 55.67,
        "Tip %": 0.1817158299,
        "Tip Out": 208.54,
        "Hourly": 74.64,
        "Liquor %": 0.3308416621,
        "PPA": 37.84
    },
    {
        "Date": "4/30/2023",
        "In": "9:56:00 AM",
        "Out": "10:50:00 PM",
        "Hours": 12.9,
        "Cash": 89,
        "Credit": 886.26,
        "BeerS": 278,
        "FoodS": 3854.25,
        "LiquorS": 387,
        "RetailS": 85,
        "WineS": 12,
        "Guest Count": 148,
        "Sales": 4616.25,
        "Fee": 19.94,
        "CreditR": 710.07,
        "TotalR": 799.07,
        "FoodT": 77.09,
        "BarT": 33.85,
        "BusT": 45.31,
        "Tip %": 0.1730997346,
        "Tip Out": 156.25,
        "Hourly": 61.94,
        "Liquor %": 0.1756502562,
        "PPA": 31.19
    },
    {
        "Date": "5/5/2023",
        "In": "3:21:00 PM",
        "Out": "10:37:00 PM",
        "Hours": 7.27,
        "Cash": 19,
        "Credit": 444.59,
        "BeerS": 135,
        "FoodS": 1797.62,
        "LiquorS": 255,
        "RetailS": 0,
        "WineS": 13,
        "Guest Count": 68,
        "Sales": 2200.62,
        "Fee": 10,
        "CreditR": 356.48,
        "TotalR": 375.48,
        "FoodT": 35.95,
        "BarT": 20.15,
        "BusT": 22.01,
        "Tip %": 0.1706237901,
        "Tip Out": 78.11,
        "Hourly": 51.67,
        "Liquor %": 0.2241853117,
        "PPA": 32.36
    },
    {
        "Date": "5/7/2023",
        "In": "10:04:00 AM",
        "Out": "10:48:00 PM",
        "Hours": 12.73,
        "Cash": 150,
        "Credit": 871.36,
        "BeerS": 391,
        "FoodS": 4207.22,
        "LiquorS": 201,
        "RetailS": 15.9,
        "WineS": 52,
        "Guest Count": 164,
        "Sales": 4867.12,
        "Fee": 19.61,
        "CreditR": 686.9,
        "TotalR": 836.9,
        "FoodT": 84.14,
        "BarT": 32.2,
        "BusT": 48.51,
        "Tip %": 0.1719492842,
        "Tip Out": 164.86,
        "Hourly": 65.72,
        "Liquor %": 0.1530701984,
        "PPA": 29.68
    },
    {
        "Date": "5/11/2023",
        "In": "3:19:00 PM",
        "Out": "10:24:00 PM",
        "Hours": 7.08,
        "Cash": 30,
        "Credit": 492.84,
        "BeerS": 298,
        "FoodS": 1938.85,
        "LiquorS": 223,
        "RetailS": 0,
        "WineS": 0,
        "Guest Count": 71,
        "Sales": 2459.85,
        "Fee": 11.09,
        "CreditR": 392.33,
        "TotalR": 422.33,
        "FoodT": 38.78,
        "BarT": 26.05,
        "BusT": 24.6,
        "Tip %": 0.1716875419,
        "Tip Out": 89.43,
        "Hourly": 59.62,
        "Liquor %": 0.2687159914,
        "PPA": 34.65
    },
    {
        "Date": "5/12/2023",
        "In": "9:58:00 AM",
        "Out": "11:00:00 PM",
        "Hours": 13.03,
        "Cash": 28,
        "Credit": 638.15,
        "BeerS": 122,
        "FoodS": 2541.73,
        "LiquorS": 342,
        "RetailS": 0,
        "WineS": 44,
        "Guest Count": 103,
        "Sales": 3049.73,
        "Fee": 14.36,
        "CreditR": 517.06,
        "TotalR": 545.06,
        "FoodT": 50.83,
        "BarT": 25.4,
        "BusT": 30.5,
        "Tip %": 0.178723928,
        "Tip Out": 106.73,
        "Hourly": 41.82,
        "Liquor %": 0.1998638722,
        "PPA": 29.61
    },
    {
        "Date": "5/13/2023",
        "In": "10:23:00 AM",
        "Out": "11:13:00 PM",
        "Hours": 12.83,
        "Cash": 180,
        "Credit": 774.04,
        "BeerS": 270,
        "FoodS": 4025.26,
        "LiquorS": 218,
        "RetailS": 0,
        "WineS": 81,
        "Guest Count": 158,
        "Sales": 4594.26,
        "Fee": 17.42,
        "CreditR": 601.73,
        "TotalR": 781.73,
        "FoodT": 80.51,
        "BarT": 28.45,
        "BusT": 45.94,
        "Tip %": 0.1701528211,
        "Tip Out": 154.9,
        "Hourly": 60.91,
        "Liquor %": 0.1413573285,
        "PPA": 29.08
    },
    {
        "Date": "5/14/2023",
        "In": "9:57:00 AM",
        "Out": "9:40:00 PM",
        "Hours": 11.72,
        "Cash": 152,
        "Credit": 697.98,
        "BeerS": 207,
        "FoodS": 3613.9,
        "LiquorS": 469,
        "RetailS": 0,
        "WineS": 40,
        "Guest Count": 132,
        "Sales": 4329.9,
        "Fee": 15.7,
        "CreditR": 530.9,
        "TotalR": 682.9,
        "FoodT": 72.28,
        "BarT": 35.8,
        "BusT": 43.3,
        "Tip %": 0.1577169103,
        "Tip Out": 151.38,
        "Hourly": 58.28,
        "Liquor %": 0.1981239105,
        "PPA": 32.8
    },
    {
        "Date": "5/20/2023",
        "In": "3:38:00 PM",
        "Out": "11:26:00 PM",
        "Hours": 7.8,
        "Cash": 84,
        "Credit": 466.83,
        "BeerS": 126,
        "FoodS": 2381.71,
        "LiquorS": 265,
        "RetailS": 0,
        "WineS": 89,
        "Guest Count": 84,
        "Sales": 2861.71,
        "Fee": 10.5,
        "CreditR": 356.08,
        "TotalR": 440.08,
        "FoodT": 47.63,
        "BarT": 24,
        "BusT": 28.62,
        "Tip %": 0.1537804407,
        "Tip Out": 100.25,
        "Hourly": 56.42,
        "Liquor %": 0.2015358713,
        "PPA": 34.07
    },
    {
        "Date": "5/21/2023",
        "In": "10:10:00 AM",
        "Out": "10:12:00 PM",
        "Hours": 12.03,
        "Cash": 116,
        "Credit": 823.86,
        "BeerS": 261,
        "FoodS": 3655.28,
        "LiquorS": 250,
        "RetailS": 15.9,
        "WineS": 23,
        "Guest Count": 142,
        "Sales": 4205.18,
        "Fee": 18.54,
        "CreditR": 663.62,
        "TotalR": 779.62,
        "FoodT": 73.11,
        "BarT": 26.7,
        "BusT": 41.89,
        "Tip %": 0.1853962851,
        "Tip Out": 141.7,
        "Hourly": 64.79,
        "Liquor %": 0.1460900396,
        "PPA": 29.61
    },
    {
        "Date": "5/25/2023",
        "In": "2:58:00 PM",
        "Out": "10:02:00 PM",
        "Hours": 7.07,
        "Cash": 52,
        "Credit": 346.96,
        "BeerS": 133,
        "FoodS": 1589.35,
        "LiquorS": 100,
        "RetailS": 0,
        "WineS": 87,
        "Guest Count": 57,
        "Sales": 1909.35,
        "Fee": 7.81,
        "CreditR": 272.27,
        "TotalR": 324.27,
        "FoodT": 31.79,
        "BarT": 16,
        "BusT": 19.09,
        "Tip %": 0.1698341844,
        "Tip Out": 66.88,
        "Hourly": 45.89,
        "Liquor %": 0.2013401705,
        "PPA": 33.5
    },
    {
        "Date": "5/26/2023",
        "In": "9:57:00 AM",
        "Out": "10:49:00 PM",
        "Hours": 12.87,
        "Cash": 258,
        "Credit": 753.86,
        "BeerS": 384,
        "FoodS": 4218.94,
        "LiquorS": 224,
        "RetailS": 15.9,
        "WineS": 0,
        "Guest Count": 159,
        "Sales": 4842.84,
        "Fee": 0,
        "CreditR": 590.81,
        "TotalR": 848.81,
        "FoodT": 84.38,
        "BarT": 30.4,
        "BusT": 48.27,
        "Tip %": 0.1752714936,
        "Tip Out": 163.05,
        "Hourly": 65.97,
        "Liquor %": 0.1441120281,
        "PPA": 30.46
    },
    {
        "Date": "5/27/2023",
        "In": "10:31:00 AM",
        "Out": "11:59:00 PM",
        "Hours": 13.47,
        "Cash": 270,
        "Credit": 957.69,
        "BeerS": 274,
        "FoodS": 4769.78,
        "LiquorS": 347,
        "RetailS": 49.75,
        "WineS": 43,
        "Guest Count": 191,
        "Sales": 5483.53,
        "Fee": 21.55,
        "CreditR": 753.21,
        "TotalR": 1023.21,
        "FoodT": 95.4,
        "BarT": 33.2,
        "BusT": 54.34,
        "Tip %": 0.186596695,
        "Tip Out": 182.93,
        "Hourly": 75.98,
        "Liquor %": 0.1392097749,
        "PPA": 28.71
    },
    {
        "Date": "5/28/2023",
        "In": "10:58:00 AM",
        "Out": "11:38:00 PM",
        "Hours": 12.67,
        "Cash": 131,
        "Credit": 1012.55,
        "BeerS": 233,
        "FoodS": 4638.49,
        "LiquorS": 365,
        "RetailS": 0,
        "WineS": 37,
        "Guest Count": 199,
        "Sales": 5273.49,
        "Fee": 22.78,
        "CreditR": 812.51,
        "TotalR": 943.51,
        "FoodT": 92.77,
        "BarT": 31.75,
        "BusT": 52.73,
        "Tip %": 0.1789162253,
        "Tip Out": 177.25,
        "Hourly": 74.49,
        "Liquor %": 0.1368979991,
        "PPA": 26.5
    },
    {
        "Date": "6/1/2023",
        "In": "3:30:00 PM",
        "Out": "9:16:00 PM",
        "Hours": 5.77,
        "Cash": 21,
        "Credit": 339.93,
        "BeerS": 267,
        "FoodS": 1421.14,
        "LiquorS": 57,
        "RetailS": 0,
        "WineS": 162,
        "Guest Count": 51,
        "Sales": 1907.14,
        "Fee": 7.65,
        "CreditR": 260.49,
        "TotalR": 281.49,
        "FoodT": 28.42,
        "BarT": 24.3,
        "BusT": 19.07,
        "Tip %": 0.1475965975,
        "Tip Out": 71.79,
        "Hourly": 48.81,
        "Liquor %": 0.3419789746,
        "PPA": 37.39
    },
    {
        "Date": "6/2/2023",
        "In": "9:54:00 AM",
        "Out": "4:41:00 PM",
        "Hours": 6.78,
        "Cash": 102,
        "Credit": 382.8,
        "BeerS": 94,
        "FoodS": 1892.85,
        "LiquorS": 147,
        "RetailS": 31.8,
        "WineS": 0,
        "Guest Count": 70,
        "Sales": 2165.65,
        "Fee": 8.61,
        "CreditR": 302.94,
        "TotalR": 404.94,
        "FoodT": 37.86,
        "BarT": 12.05,
        "BusT": 21.34,
        "Tip %": 0.1869838155,
        "Tip Out": 71.25,
        "Hourly": 59.7,
        "Liquor %": 0.1273212352,
        "PPA": 30.94
    },
    {
        "Date": "6/3/2023",
        "In": "10:00:00 AM",
        "Out": "11:02:00 PM",
        "Hours": 13.03,
        "Cash": 105,
        "Credit": 804.26,
        "BeerS": 265,
        "FoodS": 3292.51,
        "LiquorS": 565,
        "RetailS": 23.85,
        "WineS": 71,
        "Guest Count": 137,
        "Sales": 4217.36,
        "Fee": 18.1,
        "CreditR": 633.33,
        "TotalR": 738.33,
        "FoodT": 65.85,
        "BarT": 45.05,
        "BusT": 41.94,
        "Tip %": 0.1750689649,
        "Tip Out": 152.84,
        "Hourly": 56.65,
        "Liquor %": 0.2736514088,
        "PPA": 30.78
    },
    {
        "Date": "6/4/2023",
        "In": "10:11:00 AM",
        "Out": "10:35:00 PM",
        "Hours": 12.4,
        "Cash": 62,
        "Credit": 849.69,
        "BeerS": 227,
        "FoodS": 3516.02,
        "LiquorS": 338,
        "RetailS": 37.8,
        "WineS": 152,
        "Guest Count": 145,
        "Sales": 4270.82,
        "Fee": 19.12,
        "CreditR": 682.07,
        "TotalR": 744.07,
        "FoodT": 70.32,
        "BarT": 35.85,
        "BusT": 42.33,
        "Tip %": 0.1742221342,
        "Tip Out": 148.5,
        "Hourly": 60.01,
        "Liquor %": 0.2039237547,
        "PPA": 29.45
    },
    {
        "Date": "6/8/2023",
        "In": "3:22:00 PM",
        "Out": "9:44:00 PM",
        "Hours": 6.37,
        "Cash": 109,
        "Credit": 306.46,
        "BeerS": 161,
        "FoodS": 1428.94,
        "LiquorS": 119,
        "RetailS": 0,
        "WineS": 0,
        "Guest Count": 50,
        "Sales": 1708.94,
        "Fee": 6.9,
        "CreditR": 239.9,
        "TotalR": 348.9,
        "FoodT": 28.58,
        "BarT": 14,
        "BusT": 17.09,
        "Tip %": 0.2041595667,
        "Tip Out": 59.67,
        "Hourly": 54.8,
        "Liquor %": 0.195949445,
        "PPA": 34.18
    },
    {
        "Date": "6/10/2023",
        "In": "10:00:00 AM",
        "Out": "11:17:00 PM",
        "Hours": 13.28,
        "Cash": 261,
        "Credit": 904.81,
        "BeerS": 355,
        "FoodS": 3772.6,
        "LiquorS": 782,
        "RetailS": 0,
        "WineS": 0,
        "Guest Count": 152,
        "Sales": 4909.6,
        "Fee": 20.36,
        "CreditR": 703.05,
        "TotalR": 964.05,
        "FoodT": 75.45,
        "BarT": 56.85,
        "BusT": 49.1,
        "Tip %": 0.1963609612,
        "Tip Out": 181.4,
        "Hourly": 72.58,
        "Liquor %": 0.3013836611,
        "PPA": 32.3
    },
    {
        "Date": "6/9/2023",
        "In": "9:50:00 AM",
        "Out": "11:11:00 PM",
        "Hours": 13.35,
        "Cash": 90,
        "Credit": 606.12,
        "BeerS": 337,
        "FoodS": 2862.7,
        "LiquorS": 233,
        "RetailS": 0,
        "WineS": 10.95,
        "Guest Count": 111,
        "Sales": 3443.65,
        "Fee": 13.64,
        "CreditR": 471.74,
        "TotalR": 561.74,
        "FoodT": 57.25,
        "BarT": 29.05,
        "BusT": 34.44,
        "Tip %": 0.1631246788,
        "Tip Out": 120.74,
        "Hourly": 42.08,
        "Liquor %": 0.202937786,
        "PPA": 31.02
    },
    {
        "Date": "6/11/2023",
        "In": "10:19:00 AM",
        "Out": "10:40:00 PM",
        "Hours": 12.35,
        "Cash": 207,
        "Credit": 847.9,
        "BeerS": 189,
        "FoodS": 4310.5,
        "LiquorS": 489,
        "RetailS": 21.8,
        "WineS": 12,
        "Guest Count": 191,
        "Sales": 5022.3,
        "Fee": 19.08,
        "CreditR": 658.11,
        "TotalR": 865.11,
        "FoodT": 86.21,
        "BarT": 34.5,
        "BusT": 50.01,
        "Tip %": 0.1722532007,
        "Tip Out": 170.72,
        "Hourly": 70.05,
        "Liquor %": 0.1600742373,
        "PPA": 26.29
    },
    {
        "Date": "6/15/2023",
        "In": "3:07:00 PM",
        "Out": "10:13:00 PM",
        "Hours": 7.1,
        "Cash": 49,
        "Credit": 401.98,
        "BeerS": 96,
        "FoodS": 1754.26,
        "LiquorS": 283,
        "RetailS": 37.8,
        "WineS": 24,
        "Guest Count": 74,
        "Sales": 2195.06,
        "Fee": 9.04,
        "CreditR": 316.13,
        "TotalR": 365.13,
        "FoodT": 35.09,
        "BarT": 20.15,
        "BusT": 21.57,
        "Tip %": 0.1663406239,
        "Tip Out": 76.81,
        "Hourly": 51.43,
        "Liquor %": 0.2297264944,
        "PPA": 29.66
    },
    {
        "Date": "6/16/2023",
        "In": "9:55:00 AM",
        "Out": "11:08:00 PM",
        "Hours": 13.22,
        "Cash": 138,
        "Credit": 834.37,
        "BeerS": 392,
        "FoodS": 3609.12,
        "LiquorS": 443,
        "RetailS": 0,
        "WineS": 105,
        "Guest Count": 150,
        "Sales": 4549.12,
        "Fee": 18.77,
        "CreditR": 650.92,
        "TotalR": 788.92,
        "FoodT": 72.18,
        "BarT": 47,
        "BusT": 45.49,
        "Tip %": 0.173423228,
        "Tip Out": 164.67,
        "Hourly": 59.69,
        "Liquor %": 0.2604513011,
        "PPA": 30.33
    },
    {
        "Date": "6/17/2023",
        "In": "9:59:00 AM",
        "Out": "11:54:00 PM",
        "Hours": 13.92,
        "Cash": 239,
        "Credit": 751.39,
        "BeerS": 296,
        "FoodS": 3893.2,
        "LiquorS": 408,
        "RetailS": 23.85,
        "WineS": 26,
        "Guest Count": 166,
        "Sales": 4647.05,
        "Fee": 16.91,
        "CreditR": 573.89,
        "TotalR": 812.89,
        "FoodT": 77.86,
        "BarT": 36.5,
        "BusT": 46.23,
        "Tip %": 0.1749255388,
        "Tip Out": 160.6,
        "Hourly": 58.41,
        "Liquor %": 0.1875064215,
        "PPA": 27.99
    },
    {
        "Date": "6/18/2023",
        "In": "9:47:00 AM",
        "Out": "4:05:00 PM",
        "Hours": 6.3,
        "Cash": 53,
        "Credit": 344.06,
        "BeerS": 41,
        "FoodS": 1747.9,
        "LiquorS": 34,
        "RetailS": 0,
        "WineS": 24,
        "Guest Count": 75,
        "Sales": 1846.9,
        "Fee": 7.74,
        "CreditR": 277.94,
        "TotalR": 330.94,
        "FoodT": 34.96,
        "BarT": 4.95,
        "BusT": 18.47,
        "Tip %": 0.1791876387,
        "Tip Out": 58.38,
        "Hourly": 52.53,
        "Liquor %": 0.05663939585,
        "PPA": 24.63
    },
    {
        "Date": "6/22/2023",
        "In": "3:11:00 PM",
        "Out": "9:57:00 PM",
        "Hours": 6.77,
        "Cash": 31,
        "Credit": 513.53,
        "BeerS": 220,
        "FoodS": 1848.35,
        "LiquorS": 134,
        "RetailS": 95.4,
        "WineS": 0,
        "Guest Count": 57,
        "Sales": 2297.75,
        "Fee": 11.55,
        "CreditR": 425.29,
        "TotalR": 456.29,
        "FoodT": 36.97,
        "BarT": 17.7,
        "BusT": 22.02,
        "Tip %": 0.1985790774,
        "Tip Out": 76.69,
        "Hourly": 67.43,
        "Liquor %": 0.1915221684,
        "PPA": 40.31
    },
    {
        "Date": "6/23/2023",
        "In": "4:05:00 PM",
        "Out": "11:08:00 PM",
        "Hours": 7.05,
        "Cash": 94,
        "Credit": 508.95,
        "BeerS": 250,
        "FoodS": 1986.91,
        "LiquorS": 460,
        "RetailS": 10.95,
        "WineS": 35,
        "Guest Count": 88,
        "Sales": 2742.86,
        "Fee": 11.45,
        "CreditR": 393.19,
        "TotalR": 487.19,
        "FoodT": 39.74,
        "BarT": 37.25,
        "BusT": 27.32,
        "Tip %": 0.1776216522,
        "Tip Out": 104.31,
        "Hourly": 69.11,
        "Liquor %": 0.3749540744,
        "PPA": 31.17
    },
    {
        "Date": "6/24/2023",
        "In": "9:54:00 AM",
        "Out": "11:01:00 PM",
        "Hours": 13.12,
        "Cash": 100,
        "Credit": 781.93,
        "BeerS": 205,
        "FoodS": 3413.2,
        "LiquorS": 301,
        "RetailS": 65.9,
        "WineS": 83,
        "Guest Count": 144,
        "Sales": 4068.1,
        "Fee": 17.59,
        "CreditR": 626.6,
        "TotalR": 726.6,
        "FoodT": 68.26,
        "BarT": 29.45,
        "BusT": 40.02,
        "Tip %": 0.1786093201,
        "Tip Out": 137.74,
        "Hourly": 55.4,
        "Liquor %": 0.1725653346,
        "PPA": 28.25
    },
    {
        "Date": "6/25/2023",
        "In": "9:51:00 AM",
        "Out": "11:15:00 PM",
        "Hours": 13.4,
        "Cash": 212,
        "Credit": 977.09,
        "BeerS": 455,
        "FoodS": 4415.87,
        "LiquorS": 331,
        "RetailS": 26.85,
        "WineS": 68,
        "Guest Count": 183,
        "Sales": 5296.72,
        "Fee": 21.98,
        "CreditR": 771.39,
        "TotalR": 983.39,
        "FoodT": 88.32,
        "BarT": 42.7,
        "BusT": 52.7,
        "Tip %": 0.1856600642,
        "Tip Out": 183.72,
        "Hourly": 73.39,
        "Liquor %": 0.1933933744,
        "PPA": 28.94
    },
    {
        "Date": "6/29/2023",
        "In": "3:25:00 PM",
        "Out": "10:18:00 PM",
        "Hours": 6.88,
        "Cash": 77,
        "Credit": 527.62,
        "BeerS": 214,
        "FoodS": 2166.29,
        "LiquorS": 226,
        "RetailS": 0,
        "WineS": 0,
        "Guest Count": 87,
        "Sales": 2606.29,
        "Fee": 11.87,
        "CreditR": 424.36,
        "TotalR": 501.36,
        "FoodT": 43.33,
        "BarT": 22,
        "BusT": 26.06,
        "Tip %": 0.1923653354,
        "Tip Out": 91.39,
        "Hourly": 72.84,
        "Liquor %": 0.2031122334,
        "PPA": 29.96
    },
    {
        "Date": "6/30/2023",
        "In": "3:50:00 PM",
        "Out": "11:02:00 PM",
        "Hours": 7.2,
        "Cash": 147,
        "Credit": 501.79,
        "BeerS": 197,
        "FoodS": 2442.25,
        "LiquorS": 141,
        "RetailS": 32,
        "WineS": 0,
        "Guest Count": 90,
        "Sales": 2812.25,
        "Fee": 11.29,
        "CreditR": 396.95,
        "TotalR": 543.95,
        "FoodT": 48.85,
        "BarT": 16.9,
        "BusT": 27.8,
        "Tip %": 0.1934224287,
        "Tip Out": 93.55,
        "Hourly": 75.55,
        "Liquor %": 0.13839697,
        "PPA": 31.25
    },
    {
        "Date": "7/1/2023",
        "In": "10:22:00 AM",
        "Out": "11:17:00 PM",
        "Hours": 12.92,
        "Cash": 214,
        "Credit": 762.54,
        "BeerS": 266,
        "FoodS": 3967.99,
        "LiquorS": 383,
        "RetailS": 7.95,
        "WineS": 0,
        "Guest Count": 160,
        "Sales": 4624.94,
        "Fee": 17.16,
        "CreditR": 587.4,
        "TotalR": 801.4,
        "FoodT": 79.36,
        "BarT": 32.45,
        "BusT": 46.17,
        "Tip %": 0.1732786047,
        "Tip Out": 157.98,
        "Hourly": 62.04,
        "Liquor %": 0.1635588799,
        "PPA": 28.91
    },
    {
        "Date": "7/2/2023",
        "In": "10:58:00 AM",
        "Out": "10:59:00 PM",
        "Hours": 12.02,
        "Cash": 213,
        "Credit": 909.22,
        "BeerS": 328,
        "FoodS": 4315.07,
        "LiquorS": 449,
        "RetailS": 7.95,
        "WineS": 59,
        "Guest Count": 165,
        "Sales": 5159.02,
        "Fee": 20.46,
        "CreditR": 709.15,
        "TotalR": 922.15,
        "FoodT": 86.3,
        "BarT": 41.8,
        "BusT": 51.51,
        "Tip %": 0.1787452753,
        "Tip Out": 179.61,
        "Hourly": 76.74,
        "Liquor %": 0.1937396149,
        "PPA": 31.27
    },
    {
        "Date": "7/6/2023",
        "In": "3:12:00 PM",
        "Out": "10:25:00 PM",
        "Hours": 7.22,
        "Cash": 39,
        "Credit": 630.45,
        "BeerS": 158,
        "FoodS": 2205.37,
        "LiquorS": 483,
        "RetailS": 15.9,
        "WineS": 111,
        "Guest Count": 70,
        "Sales": 2973.27,
        "Fee": 14.19,
        "CreditR": 504.98,
        "TotalR": 543.98,
        "FoodT": 44.11,
        "BarT": 37.6,
        "BusT": 29.57,
        "Tip %": 0.1829580815,
        "Tip Out": 111.28,
        "Hourly": 75.38,
        "Liquor %": 0.3409858663,
        "PPA": 42.48
    },
    {
        "Date": "7/7/2023",
        "In": "3:32:00 PM",
        "Out": "11:03:00 PM",
        "Hours": 7.52,
        "Cash": 84,
        "Credit": 561.35,
        "BeerS": 99,
        "FoodS": 2403.98,
        "LiquorS": 287,
        "RetailS": 0,
        "WineS": 0,
        "Guest Count": 100,
        "Sales": 2789.98,
        "Fee": 12.63,
        "CreditR": 453.44,
        "TotalR": 537.44,
        "FoodT": 48.08,
        "BarT": 19.3,
        "BusT": 27.9,
        "Tip %": 0.1926322859,
        "Tip Out": 95.28,
        "Hourly": 71.5,
        "Liquor %": 0.1605670596,
        "PPA": 27.9
    },
    {
        "Date": "7/8/2023",
        "In": "9:59:00 AM",
        "Out": "4:28:00 PM",
        "Hours": 6.48,
        "Cash": 133,
        "Credit": 324.92,
        "BeerS": 131,
        "FoodS": 1618.23,
        "LiquorS": 191,
        "RetailS": 26,
        "WineS": 8,
        "Guest Count": 75,
        "Sales": 1974.23,
        "Fee": 7.31,
        "CreditR": 249.26,
        "TotalR": 382.26,
        "FoodT": 32.36,
        "BarT": 16.5,
        "BusT": 19.48,
        "Tip %": 0.1936260719,
        "Tip Out": 68.35,
        "Hourly": 58.96,
        "Liquor %": 0.2039265123,
        "PPA": 26.32
    },
    {
        "Date": "7/13/2023",
        "In": "3:20:00 PM",
        "Out": "10:14:00 PM",
        "Hours": 6.9,
        "Cash": 75,
        "Credit": 458.46,
        "BeerS": 227,
        "FoodS": 1942.63,
        "LiquorS": 175,
        "RetailS": 18.9,
        "WineS": 0,
        "Guest Count": 71,
        "Sales": 2363.53,
        "Fee": 10.32,
        "CreditR": 365.75,
        "TotalR": 440.75,
        "FoodT": 38.85,
        "BarT": 20.1,
        "BusT": 23.45,
        "Tip %": 0.1864777473,
        "Tip Out": 82.4,
        "Hourly": 63.88,
        "Liquor %": 0.206935958,
        "PPA": 33.29
    },
    {
        "Date": "7/14/2023",
        "In": "9:51:00 AM",
        "Out": "11:39:00 PM",
        "Hours": 13.8,
        "Cash": 95,
        "Credit": 919.57,
        "BeerS": 206,
        "FoodS": 3899.89,
        "LiquorS": 254,
        "RetailS": 13,
        "WineS": 0,
        "Guest Count": 161,
        "Sales": 4372.89,
        "Fee": 20.69,
        "CreditR": 754.28,
        "TotalR": 849.28,
        "FoodT": 78,
        "BarT": 23,
        "BusT": 43.6,
        "Tip %": 0.1942154902,
        "Tip Out": 144.6,
        "Hourly": 61.54,
        "Liquor %": 0.1179520448,
        "PPA": 27.16
    },
    {
        "Date": "7/20/2023",
        "In": "3:17:00 PM",
        "Out": "10:15:00 PM",
        "Hours": 6.97,
        "Cash": 124,
        "Credit": 255.55,
        "BeerS": 121,
        "FoodS": 1430.85,
        "LiquorS": 109,
        "RetailS": 0,
        "WineS": 11,
        "Guest Count": 52,
        "Sales": 1671.85,
        "Fee": 5.75,
        "CreditR": 192.41,
        "TotalR": 316.41,
        "FoodT": 28.62,
        "BarT": 12.05,
        "BusT": 16.72,
        "Tip %": 0.1892601759,
        "Tip Out": 57.39,
        "Hourly": 45.42,
        "Liquor %": 0.168431352,
        "PPA": 32.15
    },
    {
        "Date": "7/21/2023",
        "In": "10:02:00 AM",
        "Out": "11:19:00 PM",
        "Hours": 13.28,
        "Cash": 85,
        "Credit": 667.72,
        "BeerS": 115,
        "FoodS": 3152.09,
        "LiquorS": 377,
        "RetailS": 0,
        "WineS": 25,
        "Guest Count": 129,
        "Sales": 3669.09,
        "Fee": 15.02,
        "CreditR": 527.11,
        "TotalR": 612.11,
        "FoodT": 63.04,
        "BarT": 25.85,
        "BusT": 36.69,
        "Tip %": 0.1668298134,
        "Tip Out": 125.58,
        "Hourly": 46.08,
        "Liquor %": 0.1640181594,
        "PPA": 28.44
    },
    {
        "Date": "7/22/2023",
        "In": "9:53:00 AM",
        "Out": "11:31:00 PM",
        "Hours": 13.63,
        "Cash": 152,
        "Credit": 791.51,
        "BeerS": 164,
        "FoodS": 3505.61,
        "LiquorS": 544,
        "RetailS": 0,
        "WineS": 55,
        "Guest Count": 164,
        "Sales": 4268.61,
        "Fee": 17.81,
        "CreditR": 622.75,
        "TotalR": 774.75,
        "FoodT": 70.11,
        "BarT": 38.15,
        "BusT": 42.69,
        "Tip %": 0.1815000023,
        "Tip Out": 150.95,
        "Hourly": 56.83,
        "Liquor %": 0.2176511363,
        "PPA": 26.03
    },
    {
        "Date": "7/23/2023",
        "In": "3:12:00 PM",
        "Out": "10:20:00 PM",
        "Hours": 7.13,
        "Cash": 87,
        "Credit": 364.64,
        "BeerS": 157,
        "FoodS": 1372.45,
        "LiquorS": 88,
        "RetailS": 0,
        "WineS": 168,
        "Guest Count": 55,
        "Sales": 1785.45,
        "Fee": 8.2,
        "CreditR": 290.48,
        "TotalR": 377.48,
        "FoodT": 27.45,
        "BarT": 20.65,
        "BusT": 17.85,
        "Tip %": 0.2114212663,
        "Tip Out": 65.95,
        "Hourly": 52.92,
        "Liquor %": 0.3009217094,
        "PPA": 32.46
    },
    {
        "Date": "7/27/2023",
        "In": "3:18:00 PM",
        "Out": "11:16:00 PM",
        "Hours": 7.97,
        "Cash": 21,
        "Credit": 574.14,
        "BeerS": 271,
        "FoodS": 1972.45,
        "LiquorS": 283,
        "RetailS": 42.75,
        "WineS": 26,
        "Guest Count": 67,
        "Sales": 2595.2,
        "Fee": 12.92,
        "CreditR": 467.25,
        "TotalR": 488.25,
        "FoodT": 39.45,
        "BarT": 29,
        "BusT": 25.52,
        "Tip %": 0.1881351534,
        "Tip Out": 93.97,
        "Hourly": 61.29,
        "Liquor %": 0.2940505463,
        "PPA": 38.73
    },
    {
        "Date": "7/28/2023",
        "In": "3:31:00 PM",
        "Out": "11:17:00 PM",
        "Hours": 7.77,
        "Cash": 17,
        "Credit": 572.95,
        "BeerS": 234,
        "FoodS": 1992.39,
        "LiquorS": 421,
        "RetailS": 0,
        "WineS": 32,
        "Guest Count": 67,
        "Sales": 2679.39,
        "Fee": 12.89,
        "CreditR": 459.07,
        "TotalR": 476.07,
        "FoodT": 39.85,
        "BarT": 34.35,
        "BusT": 26.79,
        "Tip %": 0.1776773538,
        "Tip Out": 100.99,
        "Hourly": 61.3,
        "Liquor %": 0.3448120097,
        "PPA": 39.99
    },
    {
        "Date": "7/29/2023",
        "In": "9:57:00 AM",
        "Out": "11:19:00 PM",
        "Hours": 13.37,
        "Cash": 132,
        "Credit": 893.95,
        "BeerS": 348,
        "FoodS": 3697.07,
        "LiquorS": 449,
        "RetailS": 15.9,
        "WineS": 30,
        "Guest Count": 149,
        "Sales": 4539.97,
        "Fee": 20.11,
        "CreditR": 713.3,
        "TotalR": 845.3,
        "FoodT": 73.94,
        "BarT": 41.35,
        "BusT": 45.24,
        "Tip %": 0.1861915442,
        "Tip Out": 160.53,
        "Hourly": 63.24,
        "Liquor %": 0.2236906523,
        "PPA": 30.47
    },
    {
        "Date": "7/30/2023",
        "In": "10:38:00 AM",
        "Out": "10:39:00 PM",
        "Hours": 12.02,
        "Cash": 114,
        "Credit": 722.01,
        "BeerS": 248,
        "FoodS": 3272.29,
        "LiquorS": 301,
        "RetailS": 15.9,
        "WineS": 0,
        "Guest Count": 143,
        "Sales": 3837.19,
        "Fee": 16.25,
        "CreditR": 574.66,
        "TotalR": 688.66,
        "FoodT": 65.45,
        "BarT": 27.45,
        "BusT": 38.21,
        "Tip %": 0.1794688496,
        "Tip Out": 131.11,
        "Hourly": 57.31,
        "Liquor %": 0.1677724163,
        "PPA": 26.83
    },
    {
        "Date": "8/3/2023",
        "In": "3:16:00 PM",
        "Out": "10:10:00 PM",
        "Hours": 6.9,
        "Cash": 91,
        "Credit": 348.35,
        "BeerS": 186,
        "FoodS": 1838.31,
        "LiquorS": 92,
        "RetailS": 0,
        "WineS": 10,
        "Guest Count": 63,
        "Sales": 2126.31,
        "Fee": 7.84,
        "CreditR": 268.08,
        "TotalR": 359.08,
        "FoodT": 36.77,
        "BarT": 14.4,
        "BusT": 21.26,
        "Tip %": 0.1688760458,
        "Tip Out": 72.43,
        "Hourly": 52.04,
        "Liquor %": 0.1566656331,
        "PPA": 33.75
    },
    {
        "Date": "8/5/2023",
        "In": "9:39:00 AM",
        "Out": "11:13:00 PM",
        "Hours": 13.57,
        "Cash": 193,
        "Credit": 710.66,
        "BeerS": 437,
        "FoodS": 3322.3,
        "LiquorS": 430,
        "RetailS": 0,
        "WineS": 27,
        "Guest Count": 125,
        "Sales": 4216.3,
        "Fee": 15.99,
        "CreditR": 541.36,
        "TotalR": 734.36,
        "FoodT": 66.45,
        "BarT": 44.7,
        "BusT": 42.16,
        "Tip %": 0.1741719399,
        "Tip Out": 153.31,
        "Hourly": 54.13,
        "Liquor %": 0.2690906902,
        "PPA": 33.73
    },
    {
        "Date": "8/6/2023",
        "In": "9:49:00 AM",
        "Out": "10:18:00 PM",
        "Hours": 12.48,
        "Cash": 126,
        "Credit": 711.41,
        "BeerS": 178,
        "FoodS": 3365.73,
        "LiquorS": 98,
        "RetailS": 8.95,
        "WineS": 56,
        "Guest Count": 122,
        "Sales": 3706.68,
        "Fee": 16.01,
        "CreditR": 574.51,
        "TotalR": 700.51,
        "FoodT": 67.31,
        "BarT": 16.6,
        "BusT": 36.98,
        "Tip %": 0.1889862019,
        "Tip Out": 120.89,
        "Hourly": 56.12,
        "Liquor %": 0.09864130516,
        "PPA": 30.38
    },
    {
        "Date": "8/10/2023",
        "In": "3:13:00 PM",
        "Out": "10:11:00 PM",
        "Hours": 6.97,
        "Cash": 39,
        "Credit": 363.69,
        "BeerS": 88,
        "FoodS": 1733.78,
        "LiquorS": 152,
        "RetailS": 32,
        "WineS": 0,
        "Guest Count": 58,
        "Sales": 2005.78,
        "Fee": 8.18,
        "CreditR": 289.09,
        "TotalR": 328.09,
        "FoodT": 34.68,
        "BarT": 12,
        "BusT": 19.74,
        "Tip %": 0.1635740585,
        "Tip Out": 66.41,
        "Hourly": 47.09,
        "Liquor %": 0.1384258672,
        "PPA": 34.58
    },
    {
        "Date": "8/11/2023",
        "In": "3:41:00 PM",
        "Out": "11:18:00 PM",
        "Hours": 7.62,
        "Cash": 89,
        "Credit": 425.28,
        "BeerS": 190,
        "FoodS": 1777.94,
        "LiquorS": 254,
        "RetailS": 17.9,
        "WineS": 72,
        "Guest Count": 70,
        "Sales": 2311.84,
        "Fee": 9.57,
        "CreditR": 331.41,
        "TotalR": 420.41,
        "FoodT": 35.56,
        "BarT": 25.8,
        "BusT": 22.94,
        "Tip %": 0.1818521178,
        "Tip Out": 84.3,
        "Hourly": 55.2,
        "Liquor %": 0.2902235171,
        "PPA": 33.03
    },
    {
        "Date": "8/12/2023",
        "In": "3:47:00 PM",
        "Out": "11:39:00 PM",
        "Hours": 7.87,
        "Cash": 122,
        "Credit": 590.53,
        "BeerS": 222,
        "FoodS": 2361.36,
        "LiquorS": 344,
        "RetailS": 0,
        "WineS": 12,
        "Guest Count": 90,
        "Sales": 2939.36,
        "Fee": 13.29,
        "CreditR": 471.72,
        "TotalR": 593.72,
        "FoodT": 47.23,
        "BarT": 28.9,
        "BusT": 29.39,
        "Tip %": 0.2019903227,
        "Tip Out": 105.52,
        "Hourly": 75.47,
        "Liquor %": 0.2447741979,
        "PPA": 32.66
    },
    {
        "Date": "8/31/2023",
        "In": "3:35:00 PM",
        "Out": "9:59:00 PM",
        "Hours": 6.4,
        "Cash": 25,
        "Credit": 293.73,
        "BeerS": 130,
        "FoodS": 1229.93,
        "LiquorS": 134,
        "RetailS": 17.9,
        "WineS": 0,
        "Guest Count": 76,
        "Sales": 1511.83,
        "Fee": 6.61,
        "CreditR": 234.38,
        "TotalR": 259.38,
        "FoodT": 24.6,
        "BarT": 13.2,
        "BusT": 14.94,
        "Tip %": 0.1715690091,
        "Tip Out": 52.74,
        "Hourly": 40.53,
        "Liquor %": 0.214646362,
        "PPA": 19.89
    },
    {
        "Date": "9/1/2023",
        "In": "3:19:00 PM",
        "Out": "11:02:00 PM",
        "Hours": 7.72,
        "Cash": 1,
        "Credit": 531.7,
        "BeerS": 189,
        "FoodS": 1782.88,
        "LiquorS": 256,
        "RetailS": 0,
        "WineS": 118,
        "Guest Count": 76,
        "Sales": 2345.88,
        "Fee": 11.96,
        "CreditR": 432.47,
        "TotalR": 433.47,
        "FoodT": 35.66,
        "BarT": 28.15,
        "BusT": 23.46,
        "Tip %": 0.1847794218,
        "Tip Out": 87.27,
        "Hourly": 56.17,
        "Liquor %": 0.3157812079,
        "PPA": 30.87
    },
    {
        "Date": "9/2/2023",
        "In": "10:13:00 AM",
        "Out": "11:18:00 PM",
        "Hours": 13.08,
        "Cash": 78,
        "Credit": 718.99,
        "BeerS": 236,
        "FoodS": 3458.16,
        "LiquorS": 152,
        "RetailS": 0,
        "WineS": 10,
        "Guest Count": 140,
        "Sales": 3856.16,
        "Fee": 16.18,
        "CreditR": 575.19,
        "TotalR": 653.19,
        "FoodT": 69.16,
        "BarT": 19.9,
        "BusT": 38.56,
        "Tip %": 0.1693881802,
        "Tip Out": 127.62,
        "Hourly": 49.93,
        "Liquor %": 0.1150901057,
        "PPA": 27.54
    },
    {
        "Date": "9/3/2023",
        "In": "10:14:00 AM",
        "Out": "10:36:00 PM",
        "Hours": 12.37,
        "Cash": 83,
        "Credit": 864.83,
        "BeerS": 303,
        "FoodS": 3407.81,
        "LiquorS": 487,
        "RetailS": 35.8,
        "WineS": 46,
        "Guest Count": 125,
        "Sales": 4279.61,
        "Fee": 19.46,
        "CreditR": 692.98,
        "TotalR": 775.98,
        "FoodT": 68.16,
        "BarT": 41.8,
        "BusT": 42.44,
        "Tip %": 0.1813195653,
        "Tip Out": 152.39,
        "Hourly": 62.75,
        "Liquor %": 0.2453188411,
        "PPA": 34.24
    },
    {
        "Date": "9/7/2023",
        "In": "3:09:00 PM",
        "Out": "10:07:00 PM",
        "Hours": 6.97,
        "Cash": 29,
        "Credit": 281.34,
        "BeerS": 269,
        "FoodS": 918.96,
        "LiquorS": 144,
        "RetailS": 0,
        "WineS": 40,
        "Guest Count": 33,
        "Sales": 1371.96,
        "Fee": 6.33,
        "CreditR": 220.26,
        "TotalR": 249.26,
        "FoodT": 18.38,
        "BarT": 22.65,
        "BusT": 13.72,
        "Tip %": 0.181682447,
        "Tip Out": 54.75,
        "Hourly": 35.78,
        "Liquor %": 0.4929485505,
        "PPA": 41.57
    },
    {
        "Date": "9/8/2023",
        "In": "3:20:00 PM",
        "Out": "11:24:00 PM",
        "Hours": 8.07,
        "Cash": 99,
        "Credit": 526.27,
        "BeerS": 176,
        "FoodS": 2088.86,
        "LiquorS": 385,
        "RetailS": 0,
        "WineS": 53,
        "Guest Count": 69,
        "Sales": 2702.86,
        "Fee": 11.84,
        "CreditR": 414.92,
        "TotalR": 513.92,
        "FoodT": 41.78,
        "BarT": 30.7,
        "BusT": 27.03,
        "Tip %": 0.1901404901,
        "Tip Out": 99.51,
        "Hourly": 63.71,
        "Liquor %": 0.2939402353,
        "PPA": 39.17
    },
    {
        "Date": "9/10/2023",
        "In": "10:31:00 AM",
        "Out": "3:25:00 PM",
        "Hours": 4.9,
        "Cash": 104,
        "Credit": 155.88,
        "BeerS": 7,
        "FoodS": 885.34,
        "LiquorS": 47,
        "RetailS": 8.95,
        "WineS": 39,
        "Guest Count": 39,
        "Sales": 987.29,
        "Fee": 3.51,
        "CreditR": 120.23,
        "TotalR": 224.23,
        "FoodT": 17.71,
        "BarT": 4.65,
        "BusT": 9.78,
        "Tip %": 0.2271191848,
        "Tip Out": 32.14,
        "Hourly": 45.76,
        "Liquor %": 0.1050443897,
        "PPA": 25.32
    },
    {
        "Date": "9/9/2023",
        "In": "10:11:00 AM",
        "Out": "11:02:00 PM",
        "Hours": 12.85,
        "Cash": 203,
        "Credit": 643.04,
        "BeerS": 237,
        "FoodS": 2782.71,
        "LiquorS": 584,
        "RetailS": 17.9,
        "WineS": 85,
        "Guest Count": 103,
        "Sales": 3706.61,
        "Fee": 14.47,
        "CreditR": 490.73,
        "TotalR": 693.73,
        "FoodT": 55.65,
        "BarT": 45.3,
        "BusT": 36.89,
        "Tip %": 0.1871603163,
        "Tip Out": 137.84,
        "Hourly": 53.99,
        "Liquor %": 0.3255818968,
        "PPA": 35.99
    },
    {
        "Date": "9/16/2023",
        "In": "10:14:00 AM",
        "Out": "4:02:00 PM",
        "Hours": 5.8,
        "Cash": 33,
        "Credit": 283.14,
        "BeerS": 83,
        "FoodS": 1225.87,
        "LiquorS": 133,
        "RetailS": 0,
        "WineS": 0,
        "Guest Count": 53,
        "Sales": 1441.87,
        "Fee": 6.37,
        "CreditR": 227.03,
        "TotalR": 260.03,
        "FoodT": 24.52,
        "BarT": 10.8,
        "BusT": 14.42,
        "Tip %": 0.1803444485,
        "Tip Out": 49.74,
        "Hourly": 44.83,
        "Liquor %": 0.1762013917,
        "PPA": 27.21
    },
    {
        "Date": "9/17/2023",
        "In": "10:09:00 AM",
        "Out": "3:29:00 PM",
        "Hours": 5.33,
        "Cash": 25,
        "Credit": 208.03,
        "BeerS": 110,
        "FoodS": 944.86,
        "LiquorS": 23,
        "RetailS": 64.65,
        "WineS": 0,
        "Guest Count": 38,
        "Sales": 1142.51,
        "Fee": 4.68,
        "CreditR": 167.02,
        "TotalR": 192.02,
        "FoodT": 18.9,
        "BarT": 6.65,
        "BusT": 10.78,
        "Tip %": 0.1680716361,
        "Tip Out": 36.33,
        "Hourly": 36,
        "Liquor %": 0.1407615943,
        "PPA": 30.07
    },
    {
        "Date": "9/21/2023",
        "In": "3:45:00 PM",
        "Out": "9:57:00 PM",
        "Hours": 6.2,
        "Cash": 20,
        "Credit": 267.17,
        "BeerS": 125,
        "FoodS": 1263.38,
        "LiquorS": 46,
        "RetailS": 67.9,
        "WineS": 0,
        "Guest Count": 41,
        "Sales": 1502.28,
        "Fee": 6.01,
        "CreditR": 213,
        "TotalR": 233,
        "FoodT": 25.27,
        "BarT": 8.55,
        "BusT": 14.34,
        "Tip %": 0.1550957711,
        "Tip Out": 48.16,
        "Hourly": 37.58,
        "Liquor %": 0.1353512007,
        "PPA": 36.64
    },
    {
        "Date": "9/22/2023",
        "In": "10:20:00 AM",
        "Out": "11:29:00 PM",
        "Hours": 13.15,
        "Cash": 108,
        "Credit": 668.89,
        "BeerS": 247,
        "FoodS": 2660.3,
        "LiquorS": 303,
        "RetailS": 28,
        "WineS": 124,
        "Guest Count": 97,
        "Sales": 3362.3,
        "Fee": 15.05,
        "CreditR": 533.59,
        "TotalR": 641.59,
        "FoodT": 53.21,
        "BarT": 33.7,
        "BusT": 33.34,
        "Tip %": 0.1908190747,
        "Tip Out": 120.25,
        "Hourly": 48.79,
        "Liquor %": 0.2533548848,
        "PPA": 34.66
    },
    {
        "Date": "9/23/2023",
        "In": "10:30:00 AM",
        "Out": "11:31:00 PM",
        "Hours": 13.02,
        "Cash": 300,
        "Credit": 871.2,
        "BeerS": 425,
        "FoodS": 4175.11,
        "LiquorS": 691,
        "RetailS": 0,
        "WineS": 102,
        "Guest Count": 145,
        "Sales": 5393.11,
        "Fee": 19.6,
        "CreditR": 653.26,
        "TotalR": 953.26,
        "FoodT": 83.5,
        "BarT": 60.9,
        "BusT": 53.93,
        "Tip %": 0.1767560276,
        "Tip Out": 198.33,
        "Hourly": 73.23,
        "Liquor %": 0.2917288407,
        "PPA": 37.19
    },
    {
        "Date": "9/24/2023",
        "In": "10:30:00 AM",
        "Out": "10:44:00 PM",
        "Hours": 12.23,
        "Cash": 54,
        "Credit": 699.1,
        "BeerS": 174,
        "FoodS": 2924.79,
        "LiquorS": 238,
        "RetailS": 0,
        "WineS": 0,
        "Guest Count": 103,
        "Sales": 3336.79,
        "Fee": 15.73,
        "CreditR": 570.91,
        "TotalR": 624.91,
        "FoodT": 58.5,
        "BarT": 20.6,
        "BusT": 33.37,
        "Tip %": 0.187277758,
        "Tip Out": 112.46,
        "Hourly": 51.08,
        "Liquor %": 0.1408648142,
        "PPA": 32.4
    },
    {
        "Date": "10/1/2023",
        "In": "10:15:00 AM",
        "Out": "9:51:00 PM",
        "Hours": 11.6,
        "Cash": 83,
        "Credit": 639.11,
        "BeerS": 146,
        "FoodS": 2716.33,
        "LiquorS": 381,
        "RetailS": 44.75,
        "WineS": 91,
        "Guest Count": 112,
        "Sales": 3379.08,
        "Fee": 14.38,
        "CreditR": 506.16,
        "TotalR": 589.16,
        "FoodT": 54.33,
        "BarT": 30.9,
        "BusT": 33.34,
        "Tip %": 0.1743551869,
        "Tip Out": 118.57,
        "Hourly": 50.79,
        "Liquor %": 0.2275128574,
        "PPA": 30.17
    },
    {
        "Date": "10/5/2023",
        "In": "3:22:00 PM",
        "Out": "10:12:00 PM",
        "Hours": 6.83,
        "Cash": 113,
        "Credit": 392.22,
        "BeerS": 264,
        "FoodS": 1711.66,
        "LiquorS": 118,
        "RetailS": 0,
        "WineS": 59,
        "Guest Count": 62,
        "Sales": 2152.66,
        "Fee": 8.82,
        "CreditR": 305.59,
        "TotalR": 418.59,
        "FoodT": 34.23,
        "BarT": 22.05,
        "BusT": 21.53,
        "Tip %": 0.1944502383,
        "Tip Out": 77.81,
        "Hourly": 61.26,
        "Liquor %": 0.2576446257,
        "PPA": 34.72
    },
    {
        "Date": "10/6/2023",
        "In": "10:31:00 AM",
        "Out": "11:14:00 PM",
        "Hours": 12.72,
        "Cash": 180,
        "Credit": 815.61,
        "BeerS": 337,
        "FoodS": 3306.72,
        "LiquorS": 469,
        "RetailS": 137.55,
        "WineS": 49,
        "Guest Count": 135,
        "Sales": 4299.27,
        "Fee": 18.35,
        "CreditR": 646.76,
        "TotalR": 826.76,
        "FoodT": 66.13,
        "BarT": 42.75,
        "BusT": 41.62,
        "Tip %": 0.192301757,
        "Tip Out": 150.5,
        "Hourly": 65.01,
        "Liquor %": 0.258564378,
        "PPA": 31.85
    },
    {
        "Date": "10/7/2023",
        "In": "10:31:00 AM",
        "Out": "11:34:00 PM",
        "Hours": 13.05,
        "Cash": 147,
        "Credit": 669.15,
        "BeerS": 160,
        "FoodS": 3142.79,
        "LiquorS": 365,
        "RetailS": 0,
        "WineS": 24,
        "Guest Count": 108,
        "Sales": 3691.79,
        "Fee": 15.06,
        "CreditR": 526.87,
        "TotalR": 673.87,
        "FoodT": 62.86,
        "BarT": 27.45,
        "BusT": 36.92,
        "Tip %": 0.182532166,
        "Tip Out": 127.22,
        "Hourly": 51.64,
        "Liquor %": 0.1746855501,
        "PPA": 34.18
    },
    {
        "Date": "10/8/2023",
        "In": "10:20:00 AM",
        "Out": "9:49:00 PM",
        "Hours": 11.48,
        "Cash": 129,
        "Credit": 499.29,
        "BeerS": 200,
        "FoodS": 2796.67,
        "LiquorS": 123,
        "RetailS": 0,
        "WineS": 0,
        "Guest Count": 123,
        "Sales": 3119.67,
        "Fee": 11.23,
        "CreditR": 384.78,
        "TotalR": 513.78,
        "FoodT": 55.93,
        "BarT": 16.15,
        "BusT": 31.2,
        "Tip %": 0.1646891739,
        "Tip Out": 103.28,
        "Hourly": 44.74,
        "Liquor %": 0.1154944988,
        "PPA": 25.36
    },
    {
        "Date": "10/12/2023",
        "In": "3:34:00 PM",
        "Out": "10:05:00 PM",
        "Hours": 6.52,
        "Cash": 36,
        "Credit": 390.26,
        "BeerS": 220,
        "FoodS": 1629.84,
        "LiquorS": 89,
        "RetailS": 26.85,
        "WineS": 11,
        "Guest Count": 58,
        "Sales": 1976.69,
        "Fee": 8.78,
        "CreditR": 313.38,
        "TotalR": 349.38,
        "FoodT": 32.6,
        "BarT": 16,
        "BusT": 19.5,
        "Tip %": 0.1767520198,
        "Tip Out": 68.1,
        "Hourly": 53.61,
        "Liquor %": 0.1963382909,
        "PPA": 34.08
    },
    {
        "Date": "10/15/2023",
        "In": "10:24:00 AM",
        "Out": "10:12:00 PM",
        "Hours": 11.8,
        "Cash": 229,
        "Credit": 677.21,
        "BeerS": 296,
        "FoodS": 3245.26,
        "LiquorS": 184,
        "RetailS": 0,
        "WineS": 72,
        "Guest Count": 129,
        "Sales": 3797.26,
        "Fee": 15.24,
        "CreditR": 531.49,
        "TotalR": 760.49,
        "FoodT": 64.91,
        "BarT": 27.6,
        "BusT": 37.97,
        "Tip %": 0.2002746652,
        "Tip Out": 130.48,
        "Hourly": 64.45,
        "Liquor %": 0.1700942297,
        "PPA": 29.44
    },
    {
        "Date": "10/19/2023",
        "In": "3:25:00 PM",
        "Out": "10:12:00 PM",
        "Hours": 6.78,
        "Cash": 36,
        "Credit": 335.21,
        "BeerS": 114,
        "FoodS": 1480.4,
        "LiquorS": 90,
        "RetailS": 17.9,
        "WineS": 12,
        "Guest Count": 45,
        "Sales": 1714.3,
        "Fee": 7.54,
        "CreditR": 270.3,
        "TotalR": 306.3,
        "FoodT": 29.61,
        "BarT": 10.8,
        "BusT": 16.96,
        "Tip %": 0.1786710465,
        "Tip Out": 57.37,
        "Hourly": 45.15,
        "Liquor %": 0.1459065118,
        "PPA": 38.1
    },
    {
        "Date": "10/20/2023",
        "In": "10:30:00 AM",
        "Out": "11:11:00 PM",
        "Hours": 12.68,
        "Cash": 165,
        "Credit": 724.86,
        "BeerS": 348,
        "FoodS": 3555.21,
        "LiquorS": 440,
        "RetailS": 0,
        "WineS": 11,
        "Guest Count": 118,
        "Sales": 4354.21,
        "Fee": 16.31,
        "CreditR": 553.95,
        "TotalR": 718.95,
        "FoodT": 71.1,
        "BarT": 39.95,
        "BusT": 43.54,
        "Tip %": 0.1651170591,
        "Tip Out": 154.6,
        "Hourly": 56.68,
        "Liquor %": 0.224740592,
        "PPA": 36.9
    },
    {
        "Date": "10/21/2023",
        "In": "11:00:00 AM",
        "Out": "11:28:00 PM",
        "Hours": 12.47,
        "Cash": 314,
        "Credit": 818.46,
        "BeerS": 411,
        "FoodS": 3714.7,
        "LiquorS": 482,
        "RetailS": 19.8,
        "WineS": 47,
        "Guest Count": 136,
        "Sales": 4674.5,
        "Fee": 18.42,
        "CreditR": 632.2,
        "TotalR": 946.2,
        "FoodT": 74.29,
        "BarT": 47,
        "BusT": 46.55,
        "Tip %": 0.2024181517,
        "Tip Out": 167.84,
        "Hourly": 75.9,
        "Liquor %": 0.2530486984,
        "PPA": 34.37
    },
    {
        "Date": "10/22/2023",
        "In": "10:22:00 AM",
        "Out": "10:36:00 PM",
        "Hours": 12.23,
        "Cash": 101,
        "Credit": 700.12,
        "BeerS": 338,
        "FoodS": 2971.82,
        "LiquorS": 281,
        "RetailS": 17.9,
        "WineS": 141,
        "Guest Count": 118,
        "Sales": 3749.72,
        "Fee": 15.75,
        "CreditR": 549.61,
        "TotalR": 650.61,
        "FoodT": 59.44,
        "BarT": 38,
        "BusT": 37.32,
        "Tip %": 0.1735096754,
        "Tip Out": 134.75,
        "Hourly": 53.18,
        "Liquor %": 0.2557355425,
        "PPA": 31.78
    },
    {
        "Date": "10/26/2023",
        "In": "3:24:00 PM",
        "Out": "10:24:00 PM",
        "Hours": 7,
        "Cash": 55,
        "Credit": 388.92,
        "BeerS": 155,
        "FoodS": 1575.9,
        "LiquorS": 154,
        "RetailS": 58.95,
        "WineS": 47,
        "Guest Count": 57,
        "Sales": 1990.85,
        "Fee": 8.75,
        "CreditR": 311.53,
        "TotalR": 366.53,
        "FoodT": 31.52,
        "BarT": 17.8,
        "BusT": 19.32,
        "Tip %": 0.1841084461,
        "Tip Out": 68.64,
        "Hourly": 52.36,
        "Liquor %": 0.2259026588,
        "PPA": 34.93
    },
    {
        "Date": "10/28/2023",
        "In": "10:29:00 AM",
        "Out": "11:14:00 PM",
        "Hours": 12.75,
        "Cash": 123,
        "Credit": 924.01,
        "BeerS": 213,
        "FoodS": 3799.83,
        "LiquorS": 646,
        "RetailS": 73.6,
        "WineS": 11,
        "Guest Count": 160,
        "Sales": 4743.43,
        "Fee": 20.79,
        "CreditR": 737.02,
        "TotalR": 860.02,
        "FoodT": 76,
        "BarT": 43.5,
        "BusT": 46.7,
        "Tip %": 0.1813086469,
        "Tip Out": 166.19,
        "Hourly": 67.45,
        "Liquor %": 0.2289576113,
        "PPA": 29.65
    },
    {
        "Date": "10/27/2023",
        "In": "3:17:00 PM",
        "Out": "11:00:00 PM",
        "Hours": 7.72,
        "Cash": 47,
        "Credit": 451,
        "BeerS": 217,
        "FoodS": 1611.95,
        "LiquorS": 238,
        "RetailS": 0,
        "WineS": 76,
        "Guest Count": 68,
        "Sales": 2142.95,
        "Fee": 10.15,
        "CreditR": 360.63,
        "TotalR": 407.63,
        "FoodT": 32.24,
        "BarT": 26.55,
        "BusT": 21.43,
        "Tip %": 0.1902209571,
        "Tip Out": 80.22,
        "Hourly": 52.83,
        "Liquor %": 0.3294146841,
        "PPA": 31.51
    },
    {
        "Date": "10/29/2023",
        "In": "10:21:00 AM",
        "Out": "3:29:00 PM",
        "Hours": 5.13,
        "Cash": 6,
        "Credit": 217.24,
        "BeerS": 24,
        "FoodS": 861.41,
        "LiquorS": 124,
        "RetailS": 0,
        "WineS": 0,
        "Guest Count": 36,
        "Sales": 1009.41,
        "Fee": 4.89,
        "CreditR": 177.63,
        "TotalR": 183.63,
        "FoodT": 17.23,
        "BarT": 7.4,
        "BusT": 10.09,
        "Tip %": 0.1819179521,
        "Tip Out": 34.72,
        "Hourly": 35.77,
        "Liquor %": 0.1718113326,
        "PPA": 28.04
    },
    {
        "Date": "11/2/2023",
        "In": "3:19:00 PM",
        "Out": "10:36:00 PM",
        "Hours": 7.28,
        "Cash": 28,
        "Credit": 495.81,
        "BeerS": 192,
        "FoodS": 1815.95,
        "LiquorS": 340,
        "RetailS": 0,
        "WineS": 60,
        "Guest Count": 74,
        "Sales": 2407.95,
        "Fee": 11.16,
        "CreditR": 394.66,
        "TotalR": 422.66,
        "FoodT": 36.32,
        "BarT": 29.6,
        "BusT": 24.08,
        "Tip %": 0.1755251459,
        "Tip Out": 90,
        "Hourly": 58.03,
        "Liquor %": 0.3260001652,
        "PPA": 32.54
    },
    {
        "Date": "11/3/2023",
        "In": "10:23:00 AM",
        "Out": "10:38:00 PM",
        "Hours": 12.25,
        "Cash": 153,
        "Credit": 708.06,
        "BeerS": 340,
        "FoodS": 2947.81,
        "LiquorS": 210,
        "RetailS": 17.9,
        "WineS": 51,
        "Guest Count": 118,
        "Sales": 3566.71,
        "Fee": 15.93,
        "CreditR": 567.63,
        "TotalR": 720.63,
        "FoodT": 58.96,
        "BarT": 30.05,
        "BusT": 35.49,
        "Tip %": 0.2020445593,
        "Tip Out": 124.49,
        "Hourly": 58.83,
        "Liquor %": 0.2038801687,
        "PPA": 30.23
    },
    {
        "Date": "11/4/2023",
        "In": "10:24:00 AM",
        "Out": "10:56:00 PM",
        "Hours": 12.53,
        "Cash": 62,
        "Credit": 719.23,
        "BeerS": 295,
        "FoodS": 2904.71,
        "LiquorS": 323,
        "RetailS": 25,
        "WineS": 26,
        "Guest Count": 123,
        "Sales": 3573.71,
        "Fee": 16.18,
        "CreditR": 577.27,
        "TotalR": 639.27,
        "FoodT": 58.09,
        "BarT": 32.2,
        "BusT": 35.49,
        "Tip %": 0.1788802183,
        "Tip Out": 125.78,
        "Hourly": 51.01,
        "Liquor %": 0.2217088797,
        "PPA": 29.05
    },
    {
        "Date": "11/5/2023",
        "In": "10:26:00 AM",
        "Out": "10:02:00 PM",
        "Hours": 11.6,
        "Cash": 55,
        "Credit": 722.25,
        "BeerS": 400,
        "FoodS": 2827.57,
        "LiquorS": 57,
        "RetailS": 8.95,
        "WineS": 22,
        "Guest Count": 110,
        "Sales": 3315.52,
        "Fee": 16.25,
        "CreditR": 592.43,
        "TotalR": 647.43,
        "FoodT": 56.55,
        "BarT": 23.95,
        "BusT": 33.07,
        "Tip %": 0.1952732226,
        "Tip Out": 113.57,
        "Hourly": 55.81,
        "Liquor %": 0.16940341,
        "PPA": 30.14
    },
    {
        "Date": "11/10/2023",
        "In": "3:26:00 PM",
        "Out": "10:37:00 PM",
        "Hours": 7.18,
        "Cash": 55,
        "Credit": 356.76,
        "BeerS": 203,
        "FoodS": 1366.44,
        "LiquorS": 343,
        "RetailS": 0,
        "WineS": 74,
        "Guest Count": 53,
        "Sales": 1986.44,
        "Fee": 8.03,
        "CreditR": 270.54,
        "TotalR": 325.54,
        "FoodT": 27.33,
        "BarT": 31,
        "BusT": 19.86,
        "Tip %": 0.1638809629,
        "Tip Out": 78.19,
        "Hourly": 45.32,
        "Liquor %": 0.45373379,
        "PPA": 37.48
    },
    {
        "Date": "11/11/2023",
        "In": "10:22:00 AM",
        "Out": "10:39:00 PM",
        "Hours": 12.28,
        "Cash": 152,
        "Credit": 528.95,
        "BeerS": 136,
        "FoodS": 2803.85,
        "LiquorS": 358,
        "RetailS": 10.95,
        "WineS": 36,
        "Guest Count": 112,
        "Sales": 3344.8,
        "Fee": 11.9,
        "CreditR": 401.13,
        "TotalR": 553.13,
        "FoodT": 56.08,
        "BarT": 26.5,
        "BusT": 33.34,
        "Tip %": 0.165371061,
        "Tip Out": 115.92,
        "Hourly": 45.03,
        "Liquor %": 0.1890258038,
        "PPA": 29.86
    },
    {
        "Date": "11/16/2023",
        "In": "3:23:00 PM",
        "Out": "10:06:00 PM",
        "Hours": 6.72,
        "Cash": 42,
        "Credit": 297.73,
        "BeerS": 190,
        "FoodS": 1141.45,
        "LiquorS": 119,
        "RetailS": 0,
        "WineS": 60,
        "Guest Count": 45,
        "Sales": 1510.45,
        "Fee": 6.7,
        "CreditR": 234.65,
        "TotalR": 276.65,
        "FoodT": 22.83,
        "BarT": 18.45,
        "BusT": 15.1,
        "Tip %": 0.1831557317,
        "Tip Out": 56.38,
        "Hourly": 41.19,
        "Liquor %": 0.3232730299,
        "PPA": 33.57
    },
    {
        "Date": "11/17/2023",
        "In": "10:18:00 AM",
        "Out": "10:42:00 PM",
        "Hours": 12.4,
        "Cash": 109,
        "Credit": 528.39,
        "BeerS": 141,
        "FoodS": 2264.8,
        "LiquorS": 515,
        "RetailS": 2,
        "WineS": 72,
        "Guest Count": 84,
        "Sales": 2994.8,
        "Fee": 11.89,
        "CreditR": 404.88,
        "TotalR": 513.88,
        "FoodT": 45.3,
        "BarT": 36.4,
        "BusT": 29.93,
        "Tip %": 0.1715898307,
        "Tip Out": 111.62,
        "Hourly": 41.44,
        "Liquor %": 0.3214411869,
        "PPA": 35.65
    },
    {
        "Date": "11/18/2023",
        "In": "10:28:00 AM",
        "Out": "11:02:00 PM",
        "Hours": 12.57,
        "Cash": 35,
        "Credit": 717.31,
        "BeerS": 350,
        "FoodS": 2955.35,
        "LiquorS": 256,
        "RetailS": 98.75,
        "WineS": 75,
        "Guest Count": 114,
        "Sales": 3735.1,
        "Fee": 16.14,
        "CreditR": 571.65,
        "TotalR": 606.65,
        "FoodT": 59.11,
        "BarT": 34.05,
        "BusT": 36.36,
        "Tip %": 0.1624186836,
        "Tip Out": 129.52,
        "Hourly": 48.27,
        "Liquor %": 0.23042956,
        "PPA": 32.76
    },
    {
        "Date": "11/19/2023",
        "In": "10:53:00 AM",
        "Out": "11:02:00 PM",
        "Hours": 12.15,
        "Cash": 115,
        "Credit": 935.19,
        "BeerS": 376,
        "FoodS": 3809.33,
        "LiquorS": 501,
        "RetailS": 94.85,
        "WineS": 33,
        "Guest Count": 126,
        "Sales": 4814.18,
        "Fee": 21.04,
        "CreditR": 745.27,
        "TotalR": 860.27,
        "FoodT": 76.19,
        "BarT": 45.5,
        "BusT": 47.19,
        "Tip %": 0.1786946739,
        "Tip Out": 168.88,
        "Hourly": 70.8,
        "Liquor %": 0.2388871534,
        "PPA": 38.21
    },
    {
        "Date": "11/20/2023",
        "In": "9:56:00 AM",
        "Out": "5:38:00 PM",
        "Hours": 7.7,
        "Cash": 63,
        "Credit": 460.37,
        "BeerS": 195,
        "FoodS": 1837.79,
        "LiquorS": 161,
        "RetailS": 0,
        "WineS": 0,
        "Guest Count": 79,
        "Sales": 2193.79,
        "Fee": 10.36,
        "CreditR": 373.52,
        "TotalR": 436.52,
        "FoodT": 36.76,
        "BarT": 17.8,
        "BusT": 21.94,
        "Tip %": 0.1989789246,
        "Tip Out": 76.49,
        "Hourly": 56.69,
        "Liquor %": 0.1937109245,
        "PPA": 27.77
    },
    {
        "Date": "12/2/2023",
        "In": "10:13:00 AM",
        "Out": "10:47:00 PM",
        "Hours": 12.57,
        "Cash": 156,
        "Credit": 558.98,
        "BeerS": 183,
        "FoodS": 2945.2,
        "LiquorS": 338,
        "RetailS": 35.8,
        "WineS": 11,
        "Guest Count": 118,
        "Sales": 3513,
        "Fee": 12.58,
        "CreditR": 426.13,
        "TotalR": 582.13,
        "FoodT": 58.9,
        "BarT": 26.6,
        "BusT": 34.77,
        "Tip %": 0.1657065044,
        "Tip Out": 120.28,
        "Hourly": 46.32,
        "Liquor %": 0.1806328942,
        "PPA": 29.77
    },
    {
        "Date": "11/30/2023",
        "In": "3:17:00 PM",
        "Out": "8:01:00 PM",
        "Hours": 4.73,
        "Cash": 54,
        "Credit": 99.13,
        "BeerS": 80,
        "FoodS": 789.41,
        "LiquorS": 0,
        "RetailS": 0,
        "WineS": 0,
        "Guest Count": 27,
        "Sales": 869.41,
        "Fee": 2.23,
        "CreditR": 68.42,
        "TotalR": 122.42,
        "FoodT": 15.79,
        "BarT": 4,
        "BusT": 8.69,
        "Tip %": 0.1408049999,
        "Tip Out": 28.48,
        "Hourly": 25.86,
        "Liquor %": 0.1013415082,
        "PPA": 32.2
    },
    {
        "Date": "12/1/2023",
        "In": "10:14:00 AM",
        "Out": "10:57:00 PM",
        "Hours": 12.72,
        "Cash": 51,
        "Credit": 682.73,
        "BeerS": 335,
        "FoodS": 2815.99,
        "LiquorS": 208,
        "RetailS": 17.9,
        "WineS": 56,
        "Guest Count": 106,
        "Sales": 3432.89,
        "Fee": 15.36,
        "CreditR": 546.95,
        "TotalR": 597.95,
        "FoodT": 56.32,
        "BarT": 29.95,
        "BusT": 34.15,
        "Tip %": 0.174182358,
        "Tip Out": 120.42,
        "Hourly": 47.02,
        "Liquor %": 0.2127138236,
        "PPA": 32.39
    },
    {
        "Date": "12/7/2023",
        "In": "3:05:00 PM",
        "Out": "9:45:00 PM",
        "Hours": 6.67,
        "Cash": 43,
        "Credit": 278.64,
        "BeerS": 164,
        "FoodS": 1015.17,
        "LiquorS": 95,
        "RetailS": 0,
        "WineS": 0,
        "Guest Count": 48,
        "Sales": 1274.17,
        "Fee": 6.27,
        "CreditR": 226.38,
        "TotalR": 269.38,
        "FoodT": 20.3,
        "BarT": 12.95,
        "BusT": 12.74,
        "Tip %": 0.2114125274,
        "Tip Out": 46,
        "Hourly": 40.41,
        "Liquor %": 0.2551296827,
        "PPA": 26.55
    },
    {
        "Date": "12/8/2023",
        "In": "10:29:00 AM",
        "Out": "9:54:00 PM",
        "Hours": 11.42,
        "Cash": 94,
        "Credit": 653.08,
        "BeerS": 358,
        "FoodS": 2690.84,
        "LiquorS": 468,
        "RetailS": 36,
        "WineS": 36,
        "Guest Count": 107,
        "Sales": 3588.84,
        "Fee": 14.69,
        "CreditR": 505.94,
        "TotalR": 599.94,
        "FoodT": 53.82,
        "BarT": 43.1,
        "BusT": 35.53,
        "Tip %": 0.1671683608,
        "Tip Out": 132.45,
        "Hourly": 52.55,
        "Liquor %": 0.3203460629,
        "PPA": 33.54
    },
    {
        "Date": "12/9/2023",
        "In": "10:22:00 AM",
        "Out": "11:20:00 PM",
        "Hours": 12.97,
        "Cash": 245,
        "Credit": 825.58,
        "BeerS": 541,
        "FoodS": 3787.33,
        "LiquorS": 416,
        "RetailS": 0,
        "WineS": 54,
        "Guest Count": 142,
        "Sales": 4798.33,
        "Fee": 18.58,
        "CreditR": 632.72,
        "TotalR": 877.72,
        "FoodT": 75.75,
        "BarT": 50.55,
        "BusT": 47.98,
        "Tip %": 0.1829229232,
        "Tip Out": 174.28,
        "Hourly": 67.69,
        "Liquor %": 0.2669426747,
        "PPA": 33.79
    },
    {
        "Date": "12/10/2023",
        "In": "10:13:00 AM",
        "Out": "10:34:00 PM",
        "Hours": 12.35,
        "Cash": 155,
        "Credit": 599.8,
        "BeerS": 236,
        "FoodS": 2543.84,
        "LiquorS": 423,
        "RetailS": 25,
        "WineS": 0,
        "Guest Count": 90,
        "Sales": 3227.84,
        "Fee": 13.5,
        "CreditR": 470.45,
        "TotalR": 625.45,
        "FoodT": 50.88,
        "BarT": 32.95,
        "BusT": 32.03,
        "Tip %": 0.1937671322,
        "Tip Out": 115.86,
        "Hourly": 50.64,
        "Liquor %": 0.2590571734,
        "PPA": 35.86
    },
    {
        "Date": "12/15/2023",
        "In": "10:05:00 AM",
        "Out": "10:28:00 PM",
        "Hours": 12.38,
        "Cash": 48,
        "Credit": 633.49,
        "BeerS": 165,
        "FoodS": 2523.3,
        "LiquorS": 486,
        "RetailS": 0,
        "WineS": 0,
        "Guest Count": 97,
        "Sales": 3174.3,
        "Fee": 14.25,
        "CreditR": 504.48,
        "TotalR": 552.48,
        "FoodT": 50.47,
        "BarT": 32.55,
        "BusT": 31.74,
        "Tip %": 0.1740470261,
        "Tip Out": 114.76,
        "Hourly": 44.61,
        "Liquor %": 0.2579954821,
        "PPA": 32.72
    },
    {
        "Date": "12/16/2023",
        "In": "10:11:00 AM",
        "Out": "9:51:00 PM",
        "Hours": 11.67,
        "Cash": 150,
        "Credit": 622.09,
        "BeerS": 154,
        "FoodS": 2735.83,
        "LiquorS": 497,
        "RetailS": 17.9,
        "WineS": 49,
        "Guest Count": 108,
        "Sales": 3453.73,
        "Fee": 14,
        "CreditR": 484.02,
        "TotalR": 634.02,
        "FoodT": 54.72,
        "BarT": 35,
        "BusT": 34.36,
        "Tip %": 0.1835748814,
        "Tip Out": 124.07,
        "Hourly": 54.34,
        "Liquor %": 0.2558638512,
        "PPA": 31.98
    },
    {
        "Date": "12/17/2023",
        "In": "10:16:00 AM",
        "Out": "10:12:00 PM",
        "Hours": 11.93,
        "Cash": 119,
        "Credit": 550.31,
        "BeerS": 138,
        "FoodS": 2399.79,
        "LiquorS": 123,
        "RetailS": 26.85,
        "WineS": 32,
        "Guest Count": 90,
        "Sales": 2719.64,
        "Fee": 12.38,
        "CreditR": 448.35,
        "TotalR": 567.35,
        "FoodT": 48,
        "BarT": 14.65,
        "BusT": 26.93,
        "Tip %": 0.2086137595,
        "Tip Out": 89.57,
        "Hourly": 47.54,
        "Liquor %": 0.1220940166,
        "PPA": 30.22
    },
    {
        "Date": "12/21/2023",
        "In": "3:15:00 PM",
        "Out": "9:49:00 PM",
        "Hours": 6.57,
        "Cash": 129,
        "Credit": 267.79,
        "BeerS": 104,
        "FoodS": 1317.93,
        "LiquorS": 109,
        "RetailS": 0,
        "WineS": 62,
        "Guest Count": 44,
        "Sales": 1592.93,
        "Fee": 6.03,
        "CreditR": 205.73,
        "TotalR": 334.73,
        "FoodT": 26.36,
        "BarT": 13.75,
        "BusT": 15.93,
        "Tip %": 0.2101327899,
        "Tip Out": 56.04,
        "Hourly": 50.97,
        "Liquor %": 0.208660551,
        "PPA": 36.2
    },
    {
        "Date": "12/22/2023",
        "In": "10:26:00 AM",
        "Out": "9:55:00 PM",
        "Hours": 11.48,
        "Cash": 27,
        "Credit": 768.82,
        "BeerS": 328,
        "FoodS": 2725.85,
        "LiquorS": 230,
        "RetailS": 113.9,
        "WineS": 42,
        "Guest Count": 98,
        "Sales": 3439.75,
        "Fee": 17.3,
        "CreditR": 633.75,
        "TotalR": 660.75,
        "FoodT": 54.52,
        "BarT": 30,
        "BusT": 33.26,
        "Tip %": 0.1920913002,
        "Tip Out": 117.78,
        "Hourly": 57.54,
        "Liquor %": 0.2201148266,
        "PPA": 35.1
    },
    {
        "Date": "12/23/2023",
        "In": "10:10:00 AM",
        "Out": "10:44:00 PM",
        "Hours": 12.57,
        "Cash": 164,
        "Credit": 697.05,
        "BeerS": 298,
        "FoodS": 2799.47,
        "LiquorS": 171,
        "RetailS": 0,
        "WineS": 37,
        "Guest Count": 94,
        "Sales": 3305.47,
        "Fee": 15.68,
        "CreditR": 567.02,
        "TotalR": 731.02,
        "FoodT": 55.99,
        "BarT": 25.3,
        "BusT": 33.05,
        "Tip %": 0.2211553198,
        "Tip Out": 114.34,
        "Hourly": 58.17,
        "Liquor %": 0.1807484988,
        "PPA": 35.16
    },
    {
        "Date": "12/24/2023",
        "In": "10:10:00 AM",
        "Out": "7:32:00 PM",
        "Hours": 9.37,
        "Cash": 99,
        "Credit": 441.63,
        "BeerS": 141,
        "FoodS": 1802.38,
        "LiquorS": 238,
        "RetailS": 8.95,
        "WineS": 55,
        "Guest Count": 61,
        "Sales": 2245.33,
        "Fee": 9.94,
        "CreditR": 351.58,
        "TotalR": 450.58,
        "FoodT": 36.05,
        "BarT": 21.7,
        "BusT": 22.36,
        "Tip %": 0.2006751457,
        "Tip Out": 80.11,
        "Hourly": 48.1,
        "Liquor %": 0.2407927296,
        "PPA": 36.81
    },
    {
        "Date": "12/30/2023",
        "In": "10:41:00 AM",
        "Out": "11:43:00 PM",
        "Hours": 13.03,
        "Cash": 354,
        "Credit": 888.95,
        "BeerS": 435,
        "FoodS": 3650.77,
        "LiquorS": 635,
        "RetailS": 17.9,
        "WineS": 24,
        "Guest Count": 125,
        "Sales": 4762.67,
        "Fee": 20,
        "CreditR": 693.79,
        "TotalR": 1047.79,
        "FoodT": 73.02,
        "BarT": 54.7,
        "BusT": 47.45,
        "Tip %": 0.2199996063,
        "Tip Out": 175.16,
        "Hourly": 80.39,
        "Liquor %": 0.2996628109,
        "PPA": 38.1
    },
    {
        "Date": "12/31/2023",
        "In": "10:52:00 AM",
        "Out": "11:00:00 PM",
        "Hours": 12.13,
        "Cash": 192,
        "Credit": 618.85,
        "BeerS": 249,
        "FoodS": 3081.28,
        "LiquorS": 237,
        "RetailS": 33.95,
        "WineS": 10,
        "Guest Count": 117,
        "Sales": 3611.23,
        "Fee": 13.92,
        "CreditR": 482.73,
        "TotalR": 674.73,
        "FoodT": 61.63,
        "BarT": 24.8,
        "BusT": 35.77,
        "Tip %": 0.1868414571,
        "Tip Out": 122.2,
        "Hourly": 55.61,
        "Liquor %": 0.1609720636,
        "PPA": 30.87
    }
]